symbol,period,year,net_income,eps,roe,pe,pbr,revenue,operating_income,gross_profit,profit_margin,total_assets,total_liabilities,debt_to_equity,current_ratio,market_cap,dividend_yield,beta,forward_pe,operating_cashflow,capex,free_cashflow
NVDA,2025-07-31,2025,26422000000.0,3.68,,50.701088,45.363483,46743000000.0,28440000000.0,33853000000.0,0.5652611086151937,140740000000.0,,,4.2140000824504265,4542663491584,0.02,2.102,45.28641,,,0
NVDA,2025-04-30,2025,18775000000.0,3.68,,50.701088,45.363483,44062000000.0,21638000000.0,26668000000.0,0.4261041260042667,125254000000.0,,,3.3884032853590536,4542663491584,0.02,2.102,45.28641,,,0
NVDA,2025-01-31,2025,22091000000.0,3.68,,50.701088,45.363483,39331000000.0,24034000000.0,28723000000.0,0.5616689125626096,111601000000.0,,,4.439851498864077,4542663491584,0.02,2.102,45.28641,,,0
NVDA,2024-10-31,2024,19309000000.0,3.68,,50.701088,45.363483,35082000000.0,21869000000.0,26156000000.0,0.550396214582977,96013000000.0,,,4.104617998664968,4542663491584,0.02,2.102,45.28641,,,0
NVDA,2024-07-31,2024,16599000000.0,3.68,,50.701088,45.363483,30040000000.0,18642000000.0,22574000000.0,0.5525632490013316,85227000000.0,,,4.268952680936359,4542663491584,0.02,2.102,45.28641,,,0
NVDA,2024-01-31,2024,,3.68,,50.701088,45.363483,,,,,,,,,4542663491584,0.02,2.102,45.28641,,,0
MSFT,2025-06-30,2025,27233000000.0,13.83,,37.451195,11.210069,76441000000.0,34323000000.0,52427000000.0,0.3562616920239139,619003000000.0,,,1.3534464445042416,3850008526848,0.71,1.04,34.645485,,,0
MSFT,2025-03-31,2025,25824000000.0,13.83,,37.451195,11.210069,70066000000.0,32000000000.0,48147000000.0,0.3685667798932435,562624000000.0,,,1.3715916852004273,3850008526848,0.71,1.04,34.645485,,,0
MSFT,2024-12-31,2024,24108000000.0,13.83,,37.451195,11.210069,69632000000.0,31653000000.0,47833000000.0,0.34622012867647056,533898000000.0,,,1.3508201539281057,3850008526848,0.71,1.04,34.645485,,,0
MSFT,2024-09-30,2024,24667000000.0,13.83,,37.451195,11.210069,65585000000.0,30552000000.0,45486000000.0,0.37610734161774795,523013000000.0,,,1.3014409722222222,3850008526848,0.71,1.04,34.645485,,,0
MSFT,2024-06-30,2024,22036000000.0,13.83,,37.451195,11.210069,64727000000.0,27925000000.0,45043000000.0,0.34044525468506187,512163000000.0,,,1.2749549031815206,3850008526848,0.71,1.04,34.645485,,,0
AAPL,2025-06-30,2025,23434000000.0,6.57,,38.75647,57.46558,94036000000.0,28202000000.0,43718000000.0,0.24920243311072354,331495000000.0,,,0.8679917800453515,3791126265856,0.41,1.109,30.641396,,,0
AAPL,2025-03-31,2025,24780000000.0,6.57,,38.75647,57.46558,95359000000.0,29589000000.0,44867000000.0,0.25986010759341016,331233000000.0,,,0.8208700223419635,3791126265856,0.41,1.109,30.641396,,,0
AAPL,2024-12-31,2024,36330000000.0,6.57,,38.75647,57.46558,124300000000.0,42832000000.0,58275000000.0,0.2922767497988737,344085000000.0,,,0.9229383853427077,3791126265856,0.41,1.109,30.641396,,,0
AAPL,2024-09-30,2024,14736000000.0,6.57,,38.75647,57.46558,94930000000.0,29591000000.0,43879000000.0,0.15523016959865163,364980000000.0,,,0.8673125765340832,3791126265856,0.41,1.109,30.641396,,,0
AAPL,2024-06-30,2024,21448000000.0,6.57,,38.75647,57.46558,85777000000.0,25352000000.0,39678000000.0,0.25004371801298714,331612000000.0,,,0.9529796997508053,3791126265856,0.41,1.109,30.641396,,,0
GOOG,2025-06-30,2025,28196000000.0,9.23,,26.386784,8.122936,96428000000.0,31271000000.0,57389000000.0,0.2924046957315303,502053000000.0,,,1.9037452754552744,2985129934848,0.34,1.011,27.212292,,,0
GOOG,2025-03-31,2025,34540000000.0,9.23,,26.386784,8.122936,90234000000.0,30606000000.0,53873000000.0,0.38278254316554733,475374000000.0,,,1.7680843171056364,2985129934848,0.34,1.011,27.212292,,,0
GOOG,2024-12-31,2024,26536000000.0,9.23,,26.386784,8.122936,96469000000.0,30972000000.0,55856000000.0,0.2750728213208388,450256000000.0,,,1.8369313974102914,2985129934848,0.34,1.011,27.212292,,,0
GOOG,2024-09-30,2024,26301000000.0,9.23,,26.386784,8.122936,88268000000.0,28521000000.0,51794000000.0,0.2979675533602211,430266000000.0,,,1.9496924619135427,2985129934848,0.34,1.011,27.212292,,,0
GOOG,2024-06-30,2024,23619000000.0,9.23,,26.386784,8.122936,84742000000.0,27425000000.0,49235000000.0,0.2787165750159307,414770000000.0,,,2.079178057577041,2985129934848,0.34,1.011,27.212292,,,0
GOOG,2024-03-31,2024,,9.23,,26.386784,8.122936,,,,,,,,,2985129934848,0.34,1.011,27.212292,,,0
GOOGL,2025-06-30,2025,28196000000.0,9.24,,26.309525,8.107928,96428000000.0,31271000000.0,57389000000.0,0.2924046957315303,502053000000.0,,,1.9037452754552744,2985129934848,0.34,1.011,27.131697,,,0
GOOGL,2025-03-31,2025,34540000000.0,9.24,,26.309525,8.107928,90234000000.0,30606000000.0,53873000000.0,0.38278254316554733,475374000000.0,,,1.7680843171056364,2985129934848,0.34,1.011,27.131697,,,0
GOOGL,2024-12-31,2024,26536000000.0,9.24,,26.309525,8.107928,96469000000.0,30972000000.0,55856000000.0,0.2750728213208388,450256000000.0,,,1.8369313974102914,2985129934848,0.34,1.011,27.131697,,,0
GOOGL,2024-09-30,2024,26301000000.0,9.24,,26.309525,8.107928,88268000000.0,28521000000.0,51794000000.0,0.2979675533602211,430266000000.0,,,1.9496924619135427,2985129934848,0.34,1.011,27.131697,,,0
GOOGL,2024-06-30,2024,23619000000.0,9.24,,26.309525,8.107928,84742000000.0,27425000000.0,49235000000.0,0.2787165750159307,414770000000.0,,,2.079178057577041,2985129934848,0.34,1.011,27.131697,,,0
GOOGL,2024-03-31,2024,,9.24,,26.309525,8.107928,,,,,,,,,2985129934848,0.34,1.011,27.131697,,,0
AMZN,2025-06-30,2025,18164000000.0,6.54,,33.573395,7.012552,167702000000.0,19171000000.0,86893000000.0,0.10831117100571251,682170000000.0,,,1.0240689917130767,2343934361600,,1.309,35.70244,,,0
AMZN,2025-03-31,2025,17127000000.0,6.54,,33.573395,7.012552,155667000000.0,18405000000.0,78691000000.0,0.1100233190078822,643256000000.0,,,1.0481009927854188,2343934361600,,1.309,35.70244,,,0
AMZN,2024-12-31,2024,20004000000.0,6.54,,33.573395,7.012552,187792000000.0,21203000000.0,88899000000.0,0.10652210956803272,624894000000.0,,,1.063734806137178,2343934361600,,1.309,35.70244,,,0
AMZN,2024-09-30,2024,15328000000.0,6.54,,33.573395,7.012552,158877000000.0,17411000000.0,77900000000.0,0.09647714898946984,584626000000.0,,,1.088650396031633,2343934361600,,1.309,35.70244,,,0
AMZN,2024-06-30,2024,13485000000.0,6.54,,33.573395,7.012552,147977000000.0,14672000000.0,74192000000.0,0.0911290268082202,554818000000.0,,,1.095686973674228,2343934361600,,1.309,35.70244,,,0
META,2025-06-30,2025,18337000000.0,27.25,,26.949724,9.47196,47516000000.0,20441000000.0,39025000000.0,0.38591211381429413,294744000000.0,,,1.9732743600053613,1868405276672,0.28,1.242,29.026878,,,0
META,2025-03-31,2025,16644000000.0,27.25,,26.949724,9.47196,42314000000.0,17555000000.0,34742000000.0,0.39334499220116276,280213000000.0,,,2.6623487754499853,1868405276672,0.28,1.242,29.026878,,,0
META,2024-12-31,2024,20838000000.0,27.25,,26.949724,9.47196,48385000000.0,23364000000.0,39546000000.0,0.43067066239537044,276054000000.0,,,2.9778842719371355,1868405276672,0.28,1.242,29.026878,,,0
META,2024-09-30,2024,15688000000.0,27.25,,26.949724,9.47196,40589000000.0,17350000000.0,33214000000.0,0.3865086599817685,256408000000.0,,,2.7322832283228324,1868405276672,0.28,1.242,29.026878,,,0
META,2024-06-30,2024,13465000000.0,27.25,,26.949724,9.47196,39071000000.0,14847000000.0,31763000000.0,0.34462900872770086,230238000000.0,,,2.8303584654125316,1868405276672,0.28,1.242,29.026878,,,0
AVGO,2025-07-31,2025,4140000000.0,3.89,,84.80977,5.570828,15952000000.0,6074000000.0,10703000000.0,0.25952858575727183,165621000000.0,,,1.4965277777777777,1579772805120,0.72,1.172,53.470016,,,0
AVGO,2025-04-30,2025,4965000000.0,3.89,,84.80977,5.570828,15004000000.0,5915000000.0,10197000000.0,0.33091175686483604,164630000000.0,,,1.0769044035539157,1579772805120,0.72,1.172,53.470016,,,0
AVGO,2025-01-31,2025,5503000000.0,3.89,,84.80977,5.570828,14916000000.0,6432000000.0,10145000000.0,0.3689326897291499,165358000000.0,,,1.0038259206121474,1579772805120,0.72,1.172,53.470016,,,0
AVGO,2024-10-31,2024,4324000000.0,3.89,,84.80977,5.570828,14054000000.0,4945000000.0,9002000000.0,0.3076704141169774,165645000000.0,,,1.1735641133137689,1579772805120,0.72,1.172,53.470016,,,0
AVGO,2024-07-31,2024,-1875000000.0,3.89,,84.80977,5.570828,13072000000.0,4091000000.0,8356000000.0,-0.14343635250917994,167966000000.0,,,1.0377711877633837,1579772805120,0.72,1.172,53.470016,,,0
TSLA,2025-06-30,2025,1172000000.0,1.69,,263.14792,18.54468,22496000000.0,923000000.0,3878000000.0,0.05209815078236131,128567000000.0,,,2.0372234070914423,1478761119744,,2.065,137.25926,,,0
TSLA,2025-03-31,2025,409000000.0,1.69,,263.14792,18.54468,19335000000.0,493000000.0,3153000000.0,0.021153348849237134,125111000000.0,,,1.996067623432931,1478761119744,,2.065,137.25926,,,0
TSLA,2024-12-31,2024,2314000000.0,1.69,,263.14792,18.54468,25707000000.0,1590000000.0,4179000000.0,0.09001439296689617,122070000000.0,,,2.024912390270983,1478761119744,,2.065,137.25926,,,0
TSLA,2024-09-30,2024,2167000000.0,1.69,,263.14792,18.54468,25182000000.0,2772000000.0,4997000000.0,0.08605353029942021,119852000000.0,,,1.8438368708506394,1478761119744,,2.065,137.25926,,,0
TSLA,2024-06-30,2024,1400000000.0,1.69,,263.14792,18.54468,25500000000.0,2227000000.0,4578000000.0,0.054901960784313725,112832000000.0,,,1.9105268852104296,1478761119744,,2.065,137.25926,,,0
TSLA,2024-03-31,2024,,1.69,,263.14792,18.54468,,,,,,,,,1478761119744,,2.065,137.25926,,,0
NFLX,2025-06-30,2025,3125413000.0,23.26,,51.544285,20.417227,11079166000.0,3774694000.0,5753855000.0,0.28209821930639906,53099664000.0,,,1.3411604463487445,514420113408,,1.605,50.417156,,,0
NFLX,2025-03-31,2025,2890351000.0,23.26,,51.544285,20.417227,10542801000.0,3346999000.0,5279654000.0,0.2741539938010781,52087644000.0,,,1.2036434769536388,514420113408,,1.605,50.417156,,,0
NFLX,2024-12-31,2024,1868607000.0,23.26,,51.544285,20.417227,10246513000.0,2272766000.0,4479149000.0,0.18236516168964018,53630374000.0,,,1.2180280603231866,514420113408,,1.605,50.417156,,,0
NFLX,2024-09-30,2024,2363509000.0,23.26,,51.544285,20.417227,9824703000.0,2909477000.0,4704819000.0,0.24056798459963624,52281844000.0,,,1.1328062264327514,514420113408,,1.605,50.417156,,,0
NFLX,2024-06-30,2024,2147306000.0,23.26,,51.544285,20.417227,9559310000.0,2602837000.0,4385167000.0,0.2246298111474573,49098895000.0,,,0.9482794820788444,514420113408,,1.605,50.417156,,,0
NFLX,2024-03-31,2024,,23.26,,51.544285,20.417227,,,,,,,,,514420113408,,1.605,50.417156,,,0
COST,2025-08-31,2025,,18.42,,50.251358,14.067754,,,,,,,,,410273447936,0.57,0.954,47.034042,,,0
COST,2025-05-31,2025,1903000000.0,18.42,,50.251358,14.067754,63205000000.0,2530000000.0,8209000000.0,0.030108377501779922,75482000000.0,,,1.0152212671971048,410273447936,0.57,0.954,47.034042,,,0
COST,2025-02-28,2025,1788000000.0,18.42,,50.251358,14.067754,63723000000.0,2316000000.0,7979000000.0,0.028058942610988184,73224000000.0,,,0.9972431687342901,410273447936,0.57,0.954,47.034042,,,0
COST,2024-11-30,2024,1798000000.0,18.42,,50.251358,14.067754,62151000000.0,2196000000.0,8042000000.0,0.028929542565686795,73386000000.0,,,0.9799942542244509,410273447936,0.57,0.954,47.034042,,,0
COST,2024-08-31,2024,2354000000.0,18.42,,50.251358,14.067754,79697000000.0,3042000000.0,10109000000.0,0.029536870898528175,69831000000.0,,,0.965655312429506,410273447936,0.57,0.954,47.034042,,,0
COST,2024-05-31,2024,1681000000.0,18.42,,50.251358,14.067754,58515000000.0,2197000000.0,7342000000.0,0.02872767666410322,67911000000.0,,,0.9413760923050819,410273447936,0.57,0.954,47.034042,,,0
PLTR,2025-06-30,2025,326727000.0,0.31,,588.4516,72.968,1003697000.0,269317000.0,810763000.0,0.32552353947456253,7365688000.0,,,6.323549979809846,421256855552,,2.592,388.12766,,,0
PLTR,2025-03-31,2025,214031000.0,0.31,,588.4516,72.968,883855000.0,176048000.0,710885000.0,0.24215623603419112,6736917000.0,,,6.4940249709802025,421256855552,,2.592,388.12766,,,0
PLTR,2024-12-31,2024,79009000.0,0.31,,588.4516,72.968,827519000.0,11043000.0,652986000.0,0.09547696185827757,6340884000.0,,,5.958013810995384,421256855552,,2.592,388.12766,,,0
PLTR,2024-09-30,2024,143525000.0,0.31,,588.4516,72.968,725516000.0,113140000.0,578877000.0,0.19782472061263984,5768097000.0,,,5.672720296442018,421256855552,,2.592,388.12766,,,0
PLTR,2024-06-30,2024,134126000.0,0.31,,588.4516,72.968,678134000.0,105339000.0,549572000.0,0.19778686808211945,5191880000.0,,,5.91572388306633,421256855552,,2.592,388.12766,,,0
ASML,2025-06-30,2025,2676200000.0,28.17,,34.365993,21.286997,7691700000.0,3137900000.0,4043700000.0,0.3479334867454529,44849100000.0,,,1.4348141383755908,375761895424,0.76,1.249,36.258053,,,0
ASML,2025-03-31,2025,2355000000.0,28.17,,34.365993,21.286997,7741500000.0,2737900000.0,4179700000.0,0.3042046115093974,45478800000.0,,,1.518679754357506,375761895424,0.76,1.249,36.258053,,,0
ASML,2024-12-31,2024,2693400000.0,28.17,,34.365993,21.286997,9262800000.0,3355400000.0,4789800000.0,0.2907760072548258,48589600000.0,,,1.532930368951794,375761895424,0.76,1.249,36.258053,,,0
ASML,2024-09-30,2024,2076500000.0,28.17,,34.365993,21.286997,7467300000.0,2441200000.0,3793400000.0,0.2780790915056312,41766100000.0,,,1.5514982091377654,375761895424,0.76,1.249,36.258053,,,0
ASML,2024-06-30,2024,1577900000.0,28.17,,34.365993,21.286997,6242800000.0,1834600000.0,3212200000.0,0.25275517396040237,40741000000.0,,,1.5157913006824817,375761895424,0.76,1.249,36.258053,,,0
ASML,2024-03-31,2024,,28.17,,34.365993,21.286997,,,,,,,,,375761895424,0.76,1.249,36.258053,,,0
TMUS,2025-06-30,2025,3222000000.0,10.68,,22.413858,4.4166865,21132000000.0,5213000000.0,13756000000.0,0.1524701873935264,212643000000.0,,,1.2112930956474528,269402800128,1.72,0.599,22.434864,,,0
TMUS,2025-03-31,2025,2953000000.0,10.68,,22.413858,4.4166865,20886000000.0,4800000000.0,13486000000.0,0.14138657473905966,214633000000.0,,,1.1613271826992255,269402800128,1.72,0.599,22.434864,,,0
TMUS,2024-12-31,2024,2981000000.0,10.68,,22.413858,4.4166865,21872000000.0,4586000000.0,13087000000.0,0.13629297732260423,208035000000.0,,,0.9122633092098741,269402800128,1.72,0.599,22.434864,,,0
TMUS,2024-09-30,2024,3059000000.0,10.68,,22.413858,4.4166865,20162000000.0,4796000000.0,13133000000.0,0.15172105941870845,210742000000.0,,,1.0752087807205917,269402800128,1.72,0.599,22.434864,,,0
TMUS,2024-06-30,2024,2925000000.0,10.68,,22.413858,4.4166865,19772000000.0,4630000000.0,13020000000.0,0.14793647582439814,208557000000.0,,,0.8376161125097664,269402800128,1.72,0.599,22.434864,,,0
TMUS,2024-03-31,2024,,10.68,,22.413858,4.4166865,,,,,,,,,269402800128,1.72,0.599,22.434864,,,0
CSCO,2025-07-31,2025,2550000000.0,2.59,,26.416988,5.7840896,14673000000.0,3122000000.0,9280000000.0,0.17378859129012472,122291000000.0,,,0.9977754962354551,270477737984,2.44,0.987,17.543589,,,0
CSCO,2025-04-30,2025,2491000000.0,2.59,,26.416988,5.7840896,14149000000.0,3236000000.0,9278000000.0,0.17605484486536152,119782000000.0,,,0.9513262791708943,270477737984,2.44,0.987,17.543589,,,0
CSCO,2025-01-31,2025,2428000000.0,2.59,,26.416988,5.7840896,13991000000.0,3123000000.0,9111000000.0,0.17354013294260595,121375000000.0,,,0.8666133586546391,270477737984,2.44,0.987,17.543589,,,0
CSCO,2024-10-31,2024,2711000000.0,2.59,,26.416988,5.7840896,13841000000.0,3023000000.0,9121000000.0,0.19586735062495483,123333000000.0,,,0.8818509200335455,270477737984,2.44,0.987,17.543589,,,0
CSCO,2024-07-31,2024,2162000000.0,2.59,,26.416988,5.7840896,13642000000.0,2730000000.0,8781000000.0,0.15848116112007038,124413000000.0,,,0.9082889808791642,270477737984,2.44,0.987,17.543589,,,0
CSCO,2024-04-30,2024,,2.59,,26.416988,5.7840896,,,,,,,,,270477737984,2.44,0.987,17.543589,,,0
AMD,2025-06-30,2025,872000000.0,1.7,,95.17058,4.39826,7685000000.0,-134000000.0,3059000000.0,0.11346779440468445,74820000000.0,,,2.491008838768668,262559858688,,1.916,31.723528,,,0
AMD,2025-03-31,2025,709000000.0,1.7,,95.17058,4.39826,7438000000.0,806000000.0,3736000000.0,0.0953213229362732,71550000000.0,,,2.8034532000519277,262559858688,,1.916,31.723528,,,0
AMD,2024-12-31,2024,482000000.0,1.7,,95.17058,4.39826,7658000000.0,1057000000.0,3882000000.0,0.06294071559153826,69226000000.0,,,2.6162615025408598,262559858688,,1.916,31.723528,,,0
AMD,2024-09-30,2024,771000000.0,1.7,,95.17058,4.39826,6819000000.0,724000000.0,3419000000.0,0.11306643202815662,69636000000.0,,,2.498,262559858688,,1.916,31.723528,,,0
AMD,2024-06-30,2024,265000000.0,1.7,,95.17058,4.39826,5835000000.0,269000000.0,2864000000.0,0.04541559554413025,67886000000.0,,,2.8192090395480225,262559858688,,1.916,31.723528,,,0
AMD,2024-03-31,2024,,1.7,,95.17058,4.39826,,,,,,,,,262559858688,,1.916,31.723528,,,0
AZN,2025-06-30,2025,2450000000.0,2.76,,27.797102,2.65918,14457000000.0,3508000000.0,11984000000.0,0.16946807774780384,112422000000.0,,,0.8629234255725191,237870465024,2.12,0.165,13.9745,,,0
AZN,2025-03-31,2025,2916000000.0,2.76,,27.797102,2.65918,13588000000.0,3674000000.0,11347000000.0,0.2146011186340889,106253000000.0,,,0.8973531532150091,237870465024,2.12,0.165,13.9745,,,0
AZN,2024-12-31,2024,1500000000.0,2.76,,27.797102,2.65918,14891000000.0,2036000000.0,12166000000.0,0.10073198576321268,104035000000.0,,,0.9268283930237565,237870465024,2.12,0.165,13.9745,,,0
AZN,2024-09-30,2024,1429000000.0,2.76,,27.797102,2.65918,13565000000.0,2106000000.0,10484000000.0,0.10534463693328419,104922000000.0,,,0.9316901951708709,237870465024,2.12,0.165,13.9745,,,0
AZN,2024-06-30,2024,1927000000.0,2.76,,27.797102,2.65918,12938000000.0,2746000000.0,10755000000.0,0.14894110372545988,104340000000.0,,,0.8889238955401526,237870465024,2.12,0.165,13.9745,,,0
AZN,2024-03-31,2024,,2.76,,27.797102,2.65918,,,,,,,,,237870465024,2.12,0.165,13.9745,,,0
LIN,2025-06-30,2025,1766000000.0,14.11,,33.66407,5.783021,8495000000.0,2339000000.0,4189000000.0,0.20788699234844027,86078000000.0,,,0.9261247791219247,222732025856,1.26,0.952,28.023598,,,0
LIN,2025-03-31,2025,1673000000.0,14.11,,33.66407,5.783021,8112000000.0,2221000000.0,3955000000.0,0.20623767258382644,82704000000.0,,,0.9386952019330341,222732025856,1.26,0.952,28.023598,,,0
LIN,2024-12-31,2024,1725000000.0,14.11,,33.66407,5.783021,8282000000.0,2196000000.0,3962000000.0,0.20828302342429364,80147000000.0,,,0.8900577557755776,222732025856,1.26,0.952,28.023598,,,0
LIN,2024-09-30,2024,1550000000.0,14.11,,33.66407,5.783021,8356000000.0,2180000000.0,4000000000.0,0.1854954523695548,82546000000.0,,,0.9580753078510926,222732025856,1.26,0.952,28.023598,,,0
LIN,2024-06-30,2024,1663000000.0,14.11,,33.66407,5.783021,8267000000.0,2182000000.0,4016000000.0,0.20116124349824605,80215000000.0,,,0.9510515402843602,222732025856,1.26,0.952,28.023598,,,0
LIN,2024-03-31,2024,,14.11,,33.66407,5.783021,,,,,,,,,222732025856,1.26,0.952,28.023598,,,0
PEP,2025-06-30,2025,1263000000.0,5.49,,25.581059,10.446296,22726000000.0,3649000000.0,12422000000.0,0.05557511220628355,105345000000.0,,,0.7750851741949665,192273219584,4.05,0.467,16.273464,,,0
PEP,2025-03-31,2025,1834000000.0,5.49,,25.581059,10.446296,17919000000.0,2583000000.0,9993000000.0,0.10234946146548357,101737000000.0,,,0.834248357716353,192273219584,4.05,0.467,16.273464,,,0
PEP,2024-12-31,2024,1523000000.0,5.49,,25.581059,10.446296,27784000000.0,2283000000.0,14603000000.0,0.05481572127843363,99467000000.0,,,0.8189370877727042,192273219584,4.05,0.467,16.273464,,,0
PEP,2024-09-30,2024,2930000000.0,5.49,,25.581059,10.446296,23319000000.0,3872000000.0,12923000000.0,0.12564861271924183,100513000000.0,,,0.8857661223816592,192273219584,4.05,0.467,16.273464,,,0
PEP,2024-06-30,2024,3083000000.0,5.49,,25.581059,10.446296,22501000000.0,4048000000.0,12582000000.0,0.13701613261632817,99533000000.0,,,0.8251894182612046,192273219584,4.05,0.467,16.273464,,,0
PEP,2024-03-31,2024,,5.49,,25.581059,10.446296,,,,,,,,,192273219584,4.05,0.467,16.273464,,,0
APP,2025-06-30,2025,819531000.0,7.83,,91.767555,208.57474,1258754000.0,957682000.0,1103678000.0,0.6510652597727594,5959497000.0,,,2.7358351197795017,226580070400,,2.439,139.25194,,,0
APP,2025-03-31,2025,576419000.0,7.83,,91.767555,208.57474,1484021000.0,852414000.0,1212789000.0,0.388417010271418,5706701000.0,,,1.679884816040601,226580070400,,2.439,139.25194,,,0
APP,2024-12-31,2024,599204000.0,7.83,,91.767555,208.57474,1372779000.0,607980000.0,1052327000.0,0.43648977730574257,5869259000.0,,,2.1865259789384495,226580070400,,2.439,139.25194,,,0
APP,2024-09-30,2024,434420000.0,7.83,,91.767555,208.57474,1198235000.0,534934000.0,928576000.0,0.3625499171698373,5442484000.0,,,2.405815767328257,226580070400,,2.439,139.25194,,,0
APP,2024-06-30,2024,309969000.0,7.83,,91.767555,208.57474,711015000.0,384422000.0,589256000.0,0.4359528279994093,5269466000.0,,,2.2756174349738414,226580070400,,2.439,139.25194,,,0
APP,2024-03-31,2024,,7.83,,91.767555,208.57474,,,,,,,,,226580070400,,2.439,139.25194,,,0
INTU,2025-07-31,2025,381000000.0,13.39,,51.00149,9.671165,3831000000.0,340000000.0,2937000000.0,0.09945184025058731,36958000000.0,,,1.3603664416586307,194678374400,0.62,1.26,30.720198,,,0
INTU,2025-04-30,2025,2820000000.0,13.39,,51.00149,9.671165,7754000000.0,3721000000.0,6560000000.0,0.36368326025277276,36593000000.0,,,1.4465506525792418,194678374400,0.62,1.26,30.720198,,,0
INTU,2025-01-31,2025,471000000.0,13.39,,51.00149,9.671165,3963000000.0,597000000.0,3026000000.0,0.11884935654806965,31682000000.0,,,1.272461345591308,194678374400,0.62,1.26,30.720198,,,0
INTU,2024-10-31,2024,197000000.0,13.39,,51.00149,9.671165,3283000000.0,284000000.0,2460000000.0,0.06000609198903442,33193000000.0,,,1.244459914143172,194678374400,0.62,1.26,30.720198,,,0
INTU,2024-07-31,2024,-20000000.0,13.39,,51.00149,9.671165,3184000000.0,96000000.0,2401000000.0,-0.00628140703517588,32132000000.0,,,1.2919503404084902,194678374400,0.62,1.26,30.720198,,,0
INTU,2024-04-30,2024,,13.39,,51.00149,9.671165,,,,,,,,,194678374400,0.62,1.26,30.720198,,,0
INTU,2024-01-31,2024,,13.39,,51.00149,9.671165,,,,,,,,,194678374400,0.62,1.26,30.720198,,,0
SHOP,2025-06-30,2025,906000000.0,1.9,,78.21579,15.926481,2680000000.0,371000000.0,1302000000.0,0.33805970149253733,14561000000.0,,,3.8503368623676613,182140977152,,2.7,80.32973,,,0
SHOP,2025-03-31,2025,-682000000.0,1.9,,78.21579,15.926481,2360000000.0,278000000.0,1169000000.0,-0.2889830508474576,13400000000.0,,,3.705823792931807,182140977152,,2.7,80.32973,,,0
SHOP,2024-12-31,2024,1293000000.0,1.9,,78.21579,15.926481,2812000000.0,541000000.0,1352000000.0,0.4598150782361309,13924000000.0,,,3.708588957055215,182140977152,,2.7,80.32973,,,0
SHOP,2024-09-30,2024,828000000.0,1.9,,78.21579,15.926481,2162000000.0,341000000.0,1118000000.0,0.3829787234042553,12329000000.0,,,7.1020629750271445,182140977152,,2.7,80.32973,,,0
SHOP,2024-06-30,2024,171000000.0,1.9,,78.21579,15.926481,2045000000.0,283000000.0,1045000000.0,0.08361858190709047,11346000000.0,,,7.324942791762013,182140977152,,2.7,80.32973,,,0
SHOP,2024-03-31,2024,,1.9,,78.21579,15.926481,,,,,,,,,182140977152,,2.7,80.32973,,,0
BKNG,2025-06-30,2025,895000000.0,143.62,,37.59414,-26.29647,6798000000.0,2250000000.0,,0.13165636952044718,30684000000.0,,,1.2482828933247478,179810041856,0.71,1.392,25.729187,,,0
BKNG,2025-03-31,2025,333000000.0,143.62,,37.59414,-26.29647,4762000000.0,1062000000.0,,0.06992860142797144,27191000000.0,,,1.2169086251067465,179810041856,0.71,1.392,25.729187,,,0
BKNG,2024-12-31,2024,1068000000.0,143.62,,37.59414,-26.29647,5471000000.0,1729000000.0,,0.19521111314202158,27708000000.0,,,1.3095801112034255,179810041856,0.71,1.392,25.729187,,,0
BKNG,2024-09-30,2024,2517000000.0,143.62,,37.59414,-26.29647,7994000000.0,3179000000.0,,0.31486114585939456,27978000000.0,,,1.2309029859695406,179810041856,0.71,1.392,25.729187,,,0
BKNG,2024-06-30,2024,1521000000.0,143.62,,37.59414,-26.29647,5859000000.0,1856000000.0,,0.25960061443932414,28541000000.0,,,1.1695594858837746,179810041856,0.71,1.392,25.729187,,,0
PDD,2025-06-30,2025,30753457000.0,9.42,,14.030786,0.51023203,103984832000.0,25792899000.0,58125899000.0,0.29574945122765595,567156296000.0,,,2.357083874834445,187634663424,,0.448,9.380411,,,0
PDD,2025-03-31,2025,14741829000.0,9.42,,14.030786,0.51023203,95672175000.0,16085563000.0,54725075000.0,0.15408690144234727,530513245000.0,,,2.2726794859293515,187634663424,,0.448,9.380411,,,0
PDD,2024-12-31,2024,27446637000.0,9.42,,14.030786,0.51023203,110610106000.0,25592215000.0,62811730000.0,0.24813860136794372,505034316000.0,,,2.20593322615702,187634663424,,0.448,9.380411,,,0
PDD,2024-09-30,2024,24980694000.0,9.42,,14.030786,0.51023203,99354401000.0,24292458000.0,59645187000.0,0.2514301706675279,466793869000.0,,,2.1490994551562386,187634663424,,0.448,9.380411,,,0
PDD,2024-06-30,2024,32009355000.0,9.42,,14.030786,0.51023203,97059531000.0,32564536000.0,63361433000.0,0.32979095066923414,432744342000.0,,,2.105717472650968,187634663424,,0.448,9.380411,,,0
PDD,2024-03-31,2024,,9.42,,14.030786,0.51023203,,,,,,,,,187634663424,,0.448,9.380411,,,0
QCOM,2025-06-30,2025,2666000000.0,10.3,,16.151457,6.6276245,10365000000.0,2762000000.0,5759000000.0,0.2572117703810902,54862000000.0,,,3.193974358974359,183737532416,2.14,1.212,13.602617,,,0
QCOM,2025-03-31,2025,2812000000.0,10.3,,16.151457,6.6276245,10979000000.0,3120000000.0,6042000000.0,0.25612533017579014,55372000000.0,,,2.732606873428332,183737532416,2.14,1.212,13.602617,,,0
QCOM,2024-12-31,2024,3180000000.0,10.3,,16.151457,6.6276245,11669000000.0,3555000000.0,6508000000.0,0.2725169251863913,55575000000.0,,,2.6185453084187262,183737532416,2.14,1.212,13.602617,,,0
QCOM,2024-09-30,2024,2920000000.0,10.3,,16.151457,6.6276245,10244000000.0,2535000000.0,5777000000.0,0.28504490433424445,55154000000.0,,,2.402037319116527,183737532416,2.14,1.212,13.602617,,,0
QCOM,2024-06-30,2024,2129000000.0,10.3,,16.151457,6.6276245,9393000000.0,2221000000.0,5219000000.0,0.22665814968593634,52741000000.0,,,2.3937621832358675,183737532416,2.14,1.212,13.602617,,,0
TXN,2025-06-30,2025,1295000000.0,5.44,,33.773895,10.181767,4448000000.0,1563000000.0,2575000000.0,0.29114208633093525,34933000000.0,,,5.812199036918138,167781253120,3.08,1.006,31.246597,,,0
TXN,2025-03-31,2025,1179000000.0,5.44,,33.773895,10.181767,4069000000.0,1324000000.0,2313000000.0,0.28975178176456134,33757000000.0,,,5.257533145841704,167781253120,3.08,1.006,31.246597,,,0
TXN,2024-12-31,2024,1205000000.0,5.44,,33.773895,10.181767,4007000000.0,1377000000.0,2314000000.0,0.3007237334664337,35509000000.0,,,4.124622563821027,167781253120,3.08,1.006,31.246597,,,0
TXN,2024-09-30,2024,1362000000.0,5.44,,33.773895,10.181767,4151000000.0,1554000000.0,2474000000.0,0.32811370754035174,35321000000.0,,,4.306022788931091,167781253120,3.08,1.006,31.246597,,,0
TXN,2024-06-30,2024,1127000000.0,5.44,,33.773895,10.181767,3822000000.0,1248000000.0,2211000000.0,0.2948717948717949,35048000000.0,,,4.616167170745119,167781253120,3.08,1.006,31.246597,,,0
TXN,2024-03-31,2024,,5.44,,33.773895,10.181767,,,,,,,,,167781253120,3.08,1.006,31.246597,,,0
ISRG,2025-06-30,2025,658400000.0,7.29,,61.348423,8.981785,2440000000.0,743400000.0,1617900000.0,0.2698360655737705,20163200000.0,,,5.167139312300603,160321454080,,1.617,56.89949,,,0
ISRG,2025-03-31,2025,698400000.0,7.29,,61.348423,8.981785,2253400000.0,578100000.0,1457700000.0,0.30993165882666196,19220400000.0,,,4.978740003900917,160321454080,,1.617,56.89949,,,0
ISRG,2024-12-31,2024,685700000.0,7.29,,61.348423,8.981785,2413500000.0,734900000.0,1642200000.0,0.28411021338305364,18743200000.0,,,4.074371168280525,160321454080,,1.617,56.89949,,,0
ISRG,2024-09-30,2024,565100000.0,7.29,,61.348423,8.981785,2038100000.0,577300000.0,1373900000.0,0.27726804376625286,17743400000.0,,,4.303196564885496,160321454080,,1.617,56.89949,,,0
ISRG,2024-06-30,2024,526900000.0,7.29,,61.348423,8.981785,2009900000.0,567300000.0,1372700000.0,0.26215234588785513,16649900000.0,,,5.145747899159664,160321454080,,1.617,56.89949,,,0
ISRG,2024-03-31,2024,,7.29,,61.348423,8.981785,,,,,,,,,160321454080,,1.617,56.89949,,,0
MU,2025-08-31,2025,,8.08,,20.707922,3.4597414,,,,,,,,,187252015104,0.29,1.468,13.000777,,,0
MU,2025-05-31,2025,1885000000.0,8.08,,20.707922,3.4597414,9301000000.0,2169000000.0,3508000000.0,0.2026663799591442,78397000000.0,,,2.7547113961519485,187252015104,0.29,1.468,13.000777,,,0
MU,2025-02-28,2025,1583000000.0,8.08,,20.707922,3.4597414,8053000000.0,1773000000.0,2963000000.0,0.19657270582391656,73053000000.0,,,3.1343150945791547,187252015104,0.29,1.468,13.000777,,,0
MU,2024-11-30,2024,1870000000.0,8.08,,20.707922,3.4597414,8709000000.0,2174000000.0,3348000000.0,0.21472040417958435,71461000000.0,,,2.716916250693289,187252015104,0.29,1.468,13.000777,,,0
MU,2024-08-31,2024,887000000.0,8.08,,20.707922,3.4597414,7750000000.0,1527000000.0,2737000000.0,0.11445161290322581,69416000000.0,,,2.63538062283737,187252015104,0.29,1.468,13.000777,,,0
MU,2024-05-31,2024,332000000.0,8.08,,20.707922,3.4597414,6811000000.0,719000000.0,1832000000.0,0.04874467772720599,66255000000.0,,,3.4092105263157895,187252015104,0.29,1.468,13.000777,,,0
MU,2024-02-29,2024,,8.08,,20.707922,3.4597414,,,,,,,,,187252015104,0.29,1.468,13.000777,,,0
AMGN,2025-06-30,2025,1432000000.0,12.64,,22.32595,20.450758,9179000000.0,2656000000.0,6168000000.0,0.15600827976903803,87897000000.0,,,1.305626098847431,151925719040,3.49,0.477,13.6526375,,,0
AMGN,2025-03-31,2025,1730000000.0,12.64,,22.32595,20.450758,8149000000.0,1178000000.0,5181000000.0,0.21229598723769788,89367000000.0,,,1.1704189847009736,151925719040,3.49,0.477,13.6526375,,,0
AMGN,2024-12-31,2024,627000000.0,12.64,,22.32595,20.450758,9086000000.0,2311000000.0,5974000000.0,0.06900726392251816,91839000000.0,,,1.256764362093597,151925719040,3.49,0.477,13.6526375,,,0
AMGN,2024-09-30,2024,2830000000.0,12.64,,22.32595,20.450758,8503000000.0,2047000000.0,5193000000.0,0.33282370927907795,90883000000.0,,,1.317743205986609,151925719040,3.49,0.477,13.6526375,,,0
AMGN,2024-06-30,2024,746000000.0,12.64,,22.32595,20.450758,8388000000.0,1909000000.0,5152000000.0,0.08893657606103958,90907000000.0,,,1.264395594181345,151925719040,3.49,0.477,13.6526375,,,0
ADBE,2025-08-31,2025,1772000000.0,15.7,,22.468153,12.587425,5988000000.0,2173000000.0,5346000000.0,0.2959251837007348,28754000000.0,,,1.018724970234874,150850879488,,1.486,17.165451,,,0
ADBE,2025-05-31,2025,1691000000.0,15.7,,22.468153,12.587425,5873000000.0,2109000000.0,5235000000.0,0.2879278052102843,28107000000.0,,,0.9932514658701184,150850879488,,1.486,17.165451,,,0
ADBE,2025-02-28,2025,1811000000.0,15.7,,22.468153,12.587425,5714000000.0,2163000000.0,5092000000.0,0.3169408470423521,29955000000.0,,,1.1846556804539998,150850879488,,1.486,17.165451,,,0
ADBE,2024-11-30,2024,1683000000.0,15.7,,22.468153,12.587425,5606000000.0,1957000000.0,4990000000.0,0.30021405636817694,30230000000.0,,,1.067579127459367,150850879488,,1.486,17.165451,,,0
ADBE,2024-08-31,2024,1684000000.0,15.7,,22.468153,12.587425,5408000000.0,1992000000.0,4854000000.0,0.3113905325443787,29830000000.0,,,1.111157196184156,150850879488,,1.486,17.165451,,,0
ADBE,2024-05-31,2024,,15.7,,22.468153,12.587425,,,,,,,,,150850879488,,1.486,17.165451,,,0
ADBE,2024-02-29,2024,,15.7,,22.468153,12.587425,,,,,,,,,150850879488,,1.486,17.165451,,,0
ARM,2025-06-30,2025,130000000.0,0.67,,211.17911,21.382803,1053000000.0,114000000.0,1023000000.0,0.12345679012345678,9395000000.0,,,4.988428158148506,149875261440,,4.183,68.68447,,,0
ARM,2025-03-31,2025,210000000.0,0.67,,211.17911,21.382803,1241000000.0,410000000.0,1213000000.0,0.16921837228041903,8932000000.0,,,5.199138858988159,149875261440,,4.183,68.68447,,,0
ARM,2024-12-31,2024,252000000.0,0.67,,211.17911,21.382803,983000000.0,175000000.0,955000000.0,0.25635808748728384,8496000000.0,,,4.9588100686498855,149875261440,,4.183,68.68447,,,0
ARM,2024-09-30,2024,107000000.0,0.67,,211.17911,21.382803,844000000.0,64000000.0,812000000.0,0.12677725118483413,8086000000.0,,,4.520578420467186,149875261440,,4.183,68.68447,,,0
ARM,2024-06-30,2024,223000000.0,0.67,,211.17911,21.382803,939000000.0,182000000.0,906000000.0,0.2374866879659212,7880000000.0,,,3.6056338028169015,149875261440,,4.183,68.68447,,,0
ARM,2024-03-31,2024,,0.67,,211.17911,21.382803,,,,,,,,,149875261440,,4.183,68.68447,,,0
GILD,2025-06-30,2025,1960000000.0,5.04,,22.02381,7.0071335,7081000000.0,2724000000.0,5580000000.0,0.27679706256178505,55721000000.0,,,1.3153990526409867,139094458368,2.85,0.379,14.939435,,,0
GILD,2025-03-31,2025,1315000000.0,5.04,,22.02381,7.0071335,6667000000.0,2490000000.0,5127000000.0,0.19724013799310033,56434000000.0,,,1.369278133354938,139094458368,2.85,0.379,14.939435,,,0
GILD,2024-12-31,2024,1783000000.0,5.04,,22.02381,7.0071335,7569000000.0,2440000000.0,5988000000.0,0.23556612498348528,58995000000.0,,,1.5972175941352882,139094458368,2.85,0.379,14.939435,,,0
GILD,2024-09-30,2024,1253000000.0,5.04,,22.02381,7.0071335,7545000000.0,3143000000.0,5971000000.0,0.1660702451954937,54525000000.0,,,1.2605765950187648,139094458368,2.85,0.379,14.939435,,,0
GILD,2024-06-30,2024,1614000000.0,5.04,,22.02381,7.0071335,6953000000.0,2681000000.0,5409000000.0,0.23213001582050913,53579000000.0,,,1.1425788497217069,139094458368,2.85,0.379,14.939435,,,0
GILD,2024-03-31,2024,,5.04,,22.02381,7.0071335,,,,,,,,,139094458368,2.85,0.379,14.939435,,,0
HON,2025-06-30,2025,1570000000.0,8.88,,23.704954,8.30342,10352000000.0,2114000000.0,4023000000.0,0.151661514683153,78419000000.0,,,1.2936306027105786,133645729792,2.17,1.046,19.118982,,,0
HON,2025-03-31,2025,1449000000.0,8.88,,23.704954,8.30342,9822000000.0,1985000000.0,3785000000.0,0.14752596212583996,75218000000.0,,,1.2525485931765665,133645729792,2.17,1.046,19.118982,,,0
HON,2024-12-31,2024,1285000000.0,8.88,,23.704954,8.30342,10088000000.0,1839000000.0,3670000000.0,0.12737906423473433,75196000000.0,,,1.3129469326307865,133645729792,2.17,1.046,19.118982,,,0
HON,2024-09-30,2024,1413000000.0,8.88,,23.704954,8.30342,9728000000.0,1983000000.0,3749000000.0,0.14525082236842105,73492000000.0,,,1.4417937954336029,133645729792,2.17,1.046,19.118982,,,0
HON,2024-06-30,2024,1544000000.0,8.88,,23.704954,8.30342,9577000000.0,1978000000.0,3721000000.0,0.16121958859768196,69329000000.0,,,1.2055217639232085,133645729792,2.17,1.046,19.118982,,,0
HON,2024-03-31,2024,,8.88,,23.704954,8.30342,,,,,,,,,133645729792,2.17,1.046,19.118982,,,0
LRCX,2025-06-30,2025,1720088000.0,4.32,,30.995367,17.226295,5171393000.0,1741128000.0,2589709000.0,0.33261598954092253,21345260000.0,,,2.210118102893768,168852226048,0.81,1.77,31.358313,,,0
LRCX,2025-03-31,2025,1330667000.0,4.32,,30.995367,17.226295,4720175000.0,1561759000.0,2313686000.0,0.2819105223852929,19968310000.0,,,2.451858294724168,168852226048,0.81,1.77,31.358313,,,0
LRCX,2024-12-31,2024,1191018000.0,4.32,,30.995367,17.226295,4376047000.0,1333884000.0,2072981000.0,0.2721675521309529,19839916000.0,,,2.544316613510729,168852226048,0.81,1.77,31.358313,,,0
LRCX,2024-09-30,2024,1116444000.0,4.32,,30.995367,17.226295,4167976000.0,1264197000.0,2002683000.0,0.26786238692353315,19532489000.0,,,2.525398920539326,168852226048,0.81,1.77,31.358313,,,0
LRCX,2024-06-30,2024,1020282000.0,4.32,,30.995367,17.226295,3871507000.0,1125792000.0,1840098000.0,0.2635361372199508,18744728000.0,,,2.9695526362252957,168852226048,0.81,1.77,31.358313,,,0
PANW,2025-07-31,2025,253800000.0,1.61,,126.472046,17.381134,2536300000.0,497200000.0,1857300000.0,0.100067026771281,23576200000.0,,,0.9417626439659489,137824452608,,0.984,28.280556,,,0
PANW,2025-04-30,2025,262100000.0,1.61,,126.472046,17.381134,2289000000.0,218800000.0,1669700000.0,0.1145041502839668,22002800000.0,,,0.8953228820598007,137824452608,,0.984,28.280556,,,0
PANW,2025-01-31,2025,267300000.0,1.61,,126.472046,17.381134,2257400000.0,240400000.0,1658200000.0,0.11841056082218482,20951700000.0,,,0.8394639972458356,137824452608,,0.984,28.280556,,,0
PANW,2024-10-31,2024,350700000.0,1.61,,126.472046,17.381134,2138800000.0,286500000.0,1584700000.0,0.16397045072002991,20374600000.0,,,0.8433004174152674,137824452608,,0.984,28.280556,,,0
PANW,2024-07-31,2024,357700000.0,1.61,,126.472046,17.381134,2189500000.0,238400000.0,1615800000.0,0.16337063256451245,19990900000.0,,,0.8915745766462312,137824452608,,0.984,28.280556,,,0
PANW,2024-04-30,2024,,1.61,,126.472046,17.381134,,,,,,,,,137824452608,,0.984,28.280556,,,0
AMAT,2025-07-31,2025,1779000000.0,8.41,,24.34483,8.362537,7302000000.0,2233000000.0,3562000000.0,0.24363188167625308,34211000000.0,,,2.50133198021058,163104571392,0.9,1.762,21.129,,,0
AMAT,2025-04-30,2025,2137000000.0,8.41,,24.34483,8.362537,7100000000.0,2169000000.0,3485000000.0,0.3009859154929577,33632000000.0,,,2.4647323661830915,163104571392,0.9,1.762,21.129,,,0
AMAT,2025-01-31,2025,1185000000.0,8.41,,24.34483,8.362537,7166000000.0,2175000000.0,3496000000.0,0.1653642199274351,33338000000.0,,,2.675025853154085,163104571392,0.9,1.762,21.129,,,0
AMAT,2024-10-31,2024,1731000000.0,8.41,,24.34483,8.362537,7045000000.0,2046000000.0,3335000000.0,0.24570617459190916,34409000000.0,,,2.5059045819555976,163104571392,0.9,1.762,21.129,,,0
AMAT,2024-07-31,2024,1705000000.0,8.41,,24.34483,8.362537,6778000000.0,1942000000.0,3205000000.0,0.2515491295367365,33647000000.0,,,2.859850581073603,163104571392,0.9,1.762,21.129,,,0
CMCSA,2025-06-30,2025,11123000000.0,5.97,,5.262982,1.1996945,30313000000.0,5993000000.0,22737000000.0,0.3669382773067661,273850000000.0,,,0.9133115249119276,117116788736,4.16,0.926,7.173516,,,0
CMCSA,2025-03-31,2025,3375000000.0,5.97,,5.262982,1.1996945,29887000000.0,5659000000.0,21472000000.0,0.11292535215980191,267770000000.0,,,0.6453396337861784,117116788736,4.16,0.926,7.173516,,,0
CMCSA,2024-12-31,2024,4777000000.0,5.97,,5.262982,1.1996945,31914000000.0,4994000000.0,21888000000.0,0.14968352447201855,266211000000.0,,,0.6771178090497966,117116788736,4.16,0.926,7.173516,,,0
CMCSA,2024-09-30,2024,3629000000.0,5.97,,5.262982,1.1996945,32070000000.0,5859000000.0,21854000000.0,0.11315871531025881,269871000000.0,,,0.7194728206213942,117116788736,4.16,0.926,7.173516,,,0
CMCSA,2024-06-30,2024,3929000000.0,5.97,,5.262982,1.1996945,29688000000.0,6635000000.0,21727000000.0,0.1323430342225815,262555000000.0,,,0.6635730858468677,117116788736,4.16,0.926,7.173516,,,0
CMCSA,2024-03-31,2024,,5.97,,5.262982,1.1996945,,,,,,,,,117116788736,4.16,0.926,7.173516,,,0
ADI,2025-07-31,2025,518518000.0,3.91,,62.83887,3.5461707,2880348000.0,822376000.0,1789748000.0,0.18001921989981767,48192601000.0,,,2.32443124256891,121788489728,1.6,1.085,32.58621,,,0
ADI,2025-04-30,2025,569770000.0,3.91,,62.83887,3.5461707,2640068000.0,679689000.0,1611610000.0,0.21581641078941907,47344487000.0,,,2.0770273414300378,121788489728,1.6,1.085,32.58621,,,0
ADI,2025-01-31,2025,391316000.0,3.91,,62.83887,3.5461707,2423174000.0,555200000.0,1430303000.0,0.16148902224933084,47967546000.0,,,1.9296814940174944,121788489728,1.6,1.085,32.58621,,,0
ADI,2024-10-31,2024,478072000.0,3.91,,62.83887,3.5461707,2443205000.0,572251000.0,1416128000.0,0.19567412476644408,48228277000.0,,,1.8353882500970458,121788489728,1.6,1.085,32.58621,,,0
ADI,2024-07-31,2024,392232000.0,3.91,,62.83887,3.5461707,2312209000.0,503601000.0,1311239000.0,0.16963518436265926,48618374000.0,,,1.6868800224630722,121788489728,1.6,1.085,32.58621,,,0
ADI,2024-04-30,2024,,3.91,,62.83887,3.5461707,,,,,,,,,121788489728,1.6,1.085,32.58621,,,0
ADI,2024-01-31,2024,,3.91,,62.83887,3.5461707,,,,,,,,,121788489728,1.6,1.085,32.58621,,,0
KLAC,2025-06-30,2025,1202849000.0,30.74,,35.087833,30.34634,3174741000.0,1351760000.0,1967455000.0,0.3788809858819979,16067926000.0,,,2.618532990519593,142034927616,0.71,1.469,32.864105,,,0
KLAC,2025-03-31,2025,1088416000.0,30.74,,35.087833,30.34634,3063029000.0,1300392000.0,1887340000.0,0.35533976335189776,15188307000.0,,,2.5435293070539133,142034927616,0.71,1.469,32.864105,,,0
KLAC,2024-12-31,2024,824527000.0,30.74,,35.087833,30.34634,3076851000.0,1242152000.0,1855390000.0,0.2679775523741644,15001696000.0,,,2.361526033417926,142034927616,0.71,1.469,32.864105,,,0
KLAC,2024-09-30,2024,945851000.0,30.74,,35.087833,30.34634,2841541000.0,1119923000.0,1694110000.0,0.3328655120584218,15681737000.0,,,2.1317179683940735,142034927616,0.71,1.469,32.864105,,,0
KLAC,2024-06-30,2024,836446000.0,30.74,,35.087833,30.34634,2568735000.0,977319000.0,1558184000.0,0.32562564842227787,15433566000.0,,,2.152248532110761,142034927616,0.71,1.469,32.864105,,,0
KLAC,2024-03-31,2024,,30.74,,35.087833,30.34634,,,,,,,,,142034927616,0.71,1.469,32.864105,,,0
ADP,2025-06-30,2025,910700000.0,10.04,,29.233068,19.223213,5126800000.0,1206800000.0,2309900000.0,0.1776351720371382,53369300000.0,,,1.0478193142643957,118893772800,2.11,0.826,27.00092,,,0
ADP,2025-03-31,2025,1249500000.0,10.04,,29.233068,19.223213,5553000000.0,1633000000.0,2648800000.0,0.22501350621285793,56448600000.0,,,1.0150811204613768,118893772800,2.11,0.826,27.00092,,,0
ADP,2024-12-31,2024,963200000.0,10.04,,29.233068,19.223213,5048400000.0,1299800000.0,2305900000.0,0.19079312257348863,64096700000.0,,,0.9991031819546213,118893772800,2.11,0.826,27.00092,,,0
ADP,2024-09-30,2024,956300000.0,10.04,,29.233068,19.223213,4832700000.0,1272300000.0,2199000000.0,0.19788110166159703,49511400000.0,,,1.0136847131493127,118893772800,2.11,0.826,27.00092,,,0
ADP,2024-06-30,2024,829300000.0,10.04,,29.233068,19.223213,4768500000.0,1101600000.0,2136900000.0,0.17391213169759884,54362700000.0,,,1.010259538598048,118893772800,2.11,0.826,27.00092,,,0
ADP,2024-03-31,2024,,10.04,,29.233068,19.223213,,,,,,,,,118893772800,2.11,0.826,27.00092,,,0
MELI,2025-06-30,2025,523000000.0,38.33,,60.96895,20.738144,6790000000.0,825000000.0,3094000000.0,0.07702503681885126,32948000000.0,,,1.1982528735632183,125142417408,,1.493,48.30384,,,0
MELI,2025-03-31,2025,494000000.0,38.33,,60.96895,20.738144,5935000000.0,763000000.0,2771000000.0,0.08323504633529907,27682000000.0,,,1.2034320509272074,125142417408,,1.493,48.30384,,,0
MELI,2024-12-31,2024,639000000.0,38.33,,60.96895,20.738144,6059000000.0,820000000.0,2749000000.0,0.1054629476811355,25196000000.0,,,1.2131542492320664,125142417408,,1.493,48.30384,,,0
MELI,2024-09-30,2024,397000000.0,38.33,,60.96895,20.738144,5312000000.0,557000000.0,2439000000.0,0.07473644578313253,22623000000.0,,,1.245301474184308,125142417408,,1.493,48.30384,,,0
MELI,2024-06-30,2024,531000000.0,38.33,,60.96895,20.738144,5073000000.0,726000000.0,2365000000.0,0.10467179183914843,20030000000.0,,,1.2760569924113365,125142417408,,1.493,48.30384,,,0
MELI,2024-03-31,2024,,38.33,,60.96895,20.738144,,,,,,,,,125142417408,,1.493,48.30384,,,0
INTC,2025-06-30,2025,-2918000000.0,-4.77,,,1.5002458,12859000000.0,-1286000000.0,3542000000.0,-0.22692277782098141,192520000000.0,,,1.2404907624549562,165794267136,,1.23,34.587627,,,0
INTC,2025-03-31,2025,-821000000.0,-4.77,,,1.5002458,12667000000.0,-145000000.0,4672000000.0,-0.06481408383989895,192242000000.0,,,1.3095667309007273,165794267136,,1.23,34.587627,,,0
INTC,2024-12-31,2024,-126000000.0,-4.77,,,1.5002458,14260000000.0,469000000.0,5584000000.0,-0.008835904628330995,196485000000.0,,,1.3268659227275277,165794267136,,1.23,34.587627,,,0
INTC,2024-09-30,2024,-16639000000.0,-4.77,,,1.5002458,13284000000.0,-3435000000.0,1997000000.0,-1.252559470039145,193542000000.0,,,1.3122386871071419,165794267136,,1.23,34.587627,,,0
INTC,2024-06-30,2024,-1610000000.0,-4.77,,,1.5002458,12833000000.0,-1021000000.0,4547000000.0,-0.12545780409880777,206205000000.0,,,1.5870671620819934,165794267136,,1.23,34.587627,,,0
SNPS,2025-07-31,2025,242509000.0,7.5,,65.78533,3.3136108,1739737000.0,165269000.0,1359173000.0,0.13939405783747774,48230256000.0,,,1.6246491572660993,91646541824,,1.139,33.18023,,,0
SNPS,2025-04-30,2025,345332000.0,7.5,,65.78533,3.3136108,1604266000.0,376426000.0,1285919000.0,0.21525856684614647,23756517000.0,,,7.015168681288538,91646541824,,1.139,33.18023,,,0
SNPS,2025-01-31,2025,295683000.0,7.5,,65.78533,3.3136108,1455315000.0,251839000.0,1185340000.0,0.2031745704538193,13041089000.0,,,2.6810956018712844,91646541824,,1.139,33.18023,,,0
SNPS,2024-10-31,2024,1114106000.0,7.5,,65.78533,3.3136108,1635986000.0,310802000.0,1260963000.0,0.6809997151564867,13073561000.0,,,2.4412728480219763,91646541824,,1.139,33.18023,,,0
SNPS,2024-07-31,2024,408055000.0,7.5,,65.78533,3.3136108,1525749000.0,360211000.0,1235073000.0,0.2674456938854294,11648684000.0,,,2.02282214639342,91646541824,,1.139,33.18023,,,0
SNPS,2024-04-30,2024,,7.5,,65.78533,3.3136108,,,,,,,,,91646541824,,1.139,33.18023,,,0
SNPS,2024-01-31,2024,,7.5,,65.78533,3.3136108,,,,,,,,,91646541824,,1.139,33.18023,,,0
DASH,2025-06-30,2025,285000000.0,1.88,,144.67552,13.013253,3284000000.0,163000000.0,1668000000.0,0.08678440925700365,16950000000.0,,,2.0730408858603067,112125820928,,1.696,152.80338,,,0
DASH,2025-03-31,2025,193000000.0,1.88,,144.67552,13.013253,3032000000.0,156000000.0,1532000000.0,0.06365435356200527,13572000000.0,,,1.7157526764256064,112125820928,,1.696,152.80338,,,0
DASH,2024-12-31,2024,141000000.0,1.88,,144.67552,13.013253,2873000000.0,117000000.0,1420000000.0,0.04907761921336582,12845000000.0,,,1.6642631816133393,112125820928,,1.696,152.80338,,,0
DASH,2024-09-30,2024,162000000.0,1.88,,144.67552,13.013253,2706000000.0,107000000.0,1332000000.0,0.0598669623059867,12277000000.0,,,1.6511968734733757,112125820928,,1.696,152.80338,,,0
DASH,2024-06-30,2024,-157000000.0,1.88,,144.67552,13.013253,2630000000.0,-201000000.0,1245000000.0,-0.059695817490494296,11837000000.0,,,1.6427507447864946,112125820928,,1.696,152.80338,,,0
CRWD,2025-07-31,2025,-77675000.0,-1.23,,,32.742203,1168952000.0,-112979000.0,858669000.0,-0.06644840848897132,9288859000.0,,,1.8798822073351136,123063377920,,1.12,114.843094,,,0
CRWD,2025-04-30,2025,-110207000.0,-1.23,,,32.742203,1103434000.0,-124656000.0,814291000.0,-0.09987638590074259,8720362000.0,,,1.8494242557731313,123063377920,,1.12,114.843094,,,0
CRWD,2025-01-31,2025,-92282000.0,-1.23,,,32.742203,1058538000.0,-85301000.0,784548000.0,-0.08717873142012851,8701578000.0,,,1.766326692766646,123063377920,,1.12,114.843094,,,0
CRWD,2024-10-31,2024,-16822000.0,-1.23,,,32.742203,1010178000.0,-55723000.0,755091000.0,-0.01665251074563097,7782958000.0,,,1.8572070871023003,123063377920,,1.12,114.843094,,,0
CRWD,2024-07-31,2024,47013000.0,-1.23,,,32.742203,963872000.0,13658000.0,726471000.0,0.04877514856744464,7202474000.0,,,1.899209000120587,123063377920,,1.12,114.843094,,,0
VRTX,2025-06-30,2025,1032900000.0,14.26,,27.464235,5.844065,2964700000.0,1154200000.0,2557200000.0,0.3483995007926603,24036700000.0,,,2.519790257104195,100412841984,,0.439,20.865211,,,0
VRTX,2025-03-31,2025,646300000.0,14.26,,27.464235,5.844065,2770200000.0,1031100000.0,2407200000.0,0.2333044545520179,22880500000.0,,,2.645591034045253,100412841984,,0.439,20.865211,,,0
VRTX,2024-12-31,2024,913000000.0,14.26,,27.464235,5.844065,2912000000.0,-3516100000.0,2488600000.0,0.3135302197802198,22533200000.0,,,2.692139370476351,100412841984,,0.439,20.865211,,,0
VRTX,2024-09-30,2024,1045400000.0,14.26,,27.464235,5.844065,2771900000.0,1131600000.0,2379300000.0,0.37714203254085643,22240200000.0,,,2.467619742770129,100412841984,,0.439,20.865211,,,0
VRTX,2024-06-30,2024,-3593600000.0,14.26,,27.464235,5.844065,2645600000.0,934900000.0,2273700000.0,-1.3583308134260659,20132100000.0,,,2.520748759585025,100412841984,,0.439,20.865211,,,0
VRTX,2024-03-31,2024,,14.26,,27.464235,5.844065,,,,,,,,,100412841984,,0.439,20.865211,,,0
CDNS,2025-06-30,2025,160051000.0,3.72,,94.424736,19.118273,1275441000.0,370389000.0,1091274000.0,0.1254867924114091,9508698000.0,,,2.8214898784884053,95714836480,,1.001,51.278835,,,0
CDNS,2025-03-31,2025,273579000.0,3.72,,94.424736,19.118273,1242366000.0,361411000.0,1075233000.0,0.22020805463124393,9013486000.0,,,3.073638091987266,95714836480,,1.001,51.278835,,,0
CDNS,2024-12-31,2024,340210000.0,3.72,,94.424736,19.118273,1355981000.0,455855000.0,1135990000.0,0.2508958458857462,8974482000.0,,,2.9312198700099628,95714836480,,1.001,51.278835,,,0
CDNS,2024-09-30,2024,238111000.0,3.72,,94.424736,19.118273,1215499000.0,374594000.0,1052455000.0,0.19589567741314473,9167031000.0,,,2.447723991847135,95714836480,,1.001,51.278835,,,0
CDNS,2024-06-30,2024,229520000.0,3.72,,94.424736,19.118273,1060681000.0,293843000.0,921411000.0,0.2163892819801618,7225741000.0,,,1.4320639594398463,95714836480,,1.001,51.278835,,,0
CDNS,2024-03-31,2024,,3.72,,94.424736,19.118273,,,,,,,,,95714836480,,1.001,51.278835,,,0
SBUX,2025-06-30,2025,558300000.0,2.34,,36.153847,-12.476035,9456000000.0,899300000.0,2155700000.0,0.05904187817258883,33649200000.0,,,0.7558134316972259,96164823040,2.93,0.984,22.741936,,,0
SBUX,2025-03-31,2025,384200000.0,2.34,,36.153847,-12.476035,8761600000.0,658100000.0,1848000000.0,0.04385043827611395,31633100000.0,,,0.6437344788240822,96164823040,2.93,0.984,22.741936,,,0
SBUX,2024-12-31,2024,780800000.0,2.34,,36.153847,-12.476035,9397800000.0,1075200000.0,2301100000.0,0.08308327480899785,31893100000.0,,,0.7490463019135657,96164823040,2.93,0.984,22.741936,,,0
SBUX,2024-09-30,2024,909200000.0,2.34,,36.153847,-12.476035,9073900000.0,1203500000.0,2381700000.0,0.10019947321438412,31339300000.0,,,0.7549503858875414,96164823040,2.93,0.984,22.741936,,,0
SBUX,2024-06-30,2024,1054800000.0,2.34,,36.153847,-12.476035,9113900000.0,1443600000.0,2543900000.0,0.11573530541261151,30111800000.0,,,0.8899797372377279,96164823040,2.93,0.984,22.741936,,,0
SBUX,2024-03-31,2024,,2.34,,36.153847,-12.476035,,,,,,,,,96164823040,2.93,0.984,22.741936,,,0
CEG,2025-06-30,2025,839000000.0,9.54,,34.493713,7.645501,6101000000.0,502000000.0,1352000000.0,0.13751843960006557,53038000000.0,,,1.4758631713554988,103487471616,0.47,1.124,36.7676,,,0
CEG,2025-03-31,2025,118000000.0,9.54,,34.493713,7.645501,6788000000.0,348000000.0,859000000.0,0.0173836181496759,52252000000.0,,,1.4715049656226127,103487471616,0.47,1.124,36.7676,,,0
CEG,2024-12-31,2024,852000000.0,9.54,,34.493713,7.645501,5382000000.0,708000000.0,1298000000.0,0.15830546265328874,52926000000.0,,,1.5740578439964943,103487471616,0.47,1.124,36.7676,,,0
CEG,2024-09-30,2024,1200000000.0,9.54,,34.493713,7.645501,6550000000.0,1880000000.0,1896000000.0,0.183206106870229,51834000000.0,,,1.7002934702861334,103487471616,0.47,1.124,36.7676,,,0
CEG,2024-06-30,2024,814000000.0,9.54,,34.493713,7.645501,5475000000.0,1037000000.0,1538000000.0,0.148675799086758,51340000000.0,,,1.353559731080848,103487471616,0.47,1.124,36.7676,,,0
CEG,2024-03-31,2024,,9.54,,34.493713,7.645501,,,,,,,,,103487471616,0.47,1.124,36.7676,,,0
MSTR,2025-06-30,2025,10020846000.0,14.85,,21.697641,1.9067597,114488000.0,-15524000.0,78738000.0,87.52747886241353,64773415000.0,,,0.6785759698892463,87705149440,,3.831,-749.32556,,,0
MSTR,2025-03-31,2025,-4217370000.0,14.85,,21.697641,1.9067597,111066000.0,-15407000.0,77095000.0,-37.97174652909081,43919760000.0,,,0.659602382980929,87705149440,,3.831,-749.32556,,,0
MSTR,2024-12-31,2024,-670810000.0,14.85,,21.697641,1.9067597,120697000.0,-10365000.0,86528000.0,-5.557801768063829,25843685000.0,,,0.7100038268464535,87705149440,,3.831,-749.32556,,,0
MSTR,2024-09-30,2024,-340174000.0,14.85,,21.697641,1.9067597,116071000.0,-20498000.0,81722000.0,-2.930740667350156,8343581000.0,,,0.6457302914501702,87705149440,,3.831,-749.32556,,,0
MSTR,2024-06-30,2024,-102559000.0,14.85,,21.697641,1.9067597,111442000.0,-20184000.0,80507000.0,-0.9202903752624684,7053073000.0,,,0.4669048990837617,87705149440,,3.831,-749.32556,,,0
MSTR,2024-03-31,2024,,14.85,,21.697641,1.9067597,,,,,,,,,87705149440,,3.831,-749.32556,,,0
ORLY,2025-06-30,2025,668595000.0,2.84,,37.96127,-74.45442,4525058000.0,914470000.0,2326538000.0,0.1477539072427359,15820619000.0,,,0.7241330602119771,91476426752,,0.598,2.3989763,,,0
ORLY,2025-03-31,2025,538485000.0,2.84,,37.96127,-74.45442,4136924000.0,741466000.0,2121485000.0,0.1301655529567379,15293875000.0,,,0.708473385718781,91476426752,,0.598,2.3989763,,,0
ORLY,2024-12-31,2024,551130000.0,2.84,,37.96127,-74.45442,4095601000.0,738650000.0,2101032000.0,0.13456633104640808,14893741000.0,,,0.7050028943062145,91476426752,,0.598,2.3989763,,,0
ORLY,2024-09-30,2024,665464000.0,2.84,,37.96127,-74.45442,4364437000.0,896728000.0,2251225000.0,0.15247419082919514,14577522000.0,,,0.6961725267603035,91476426752,,0.598,2.3989763,,,0
ORLY,2024-06-30,2024,622848000.0,2.84,,37.96127,-74.45442,4272201000.0,863298000.0,2168060000.0,0.1457908932655556,14393182000.0,,,0.6991681119084973,91476426752,,0.598,2.3989763,,,0
CTAS,2025-08-31,2025,,4.52,,45.411503,17.391968,,,,,,,,,82709626880,0.88,1.001,43.858974,,,0
CTAS,2025-05-31,2025,448256000.0,4.52,,45.411503,17.391968,2667652000.0,597452000.0,1325989000.0,0.16803391146971194,9825241000.0,,,2.089489097611313,82709626880,0.88,1.001,43.858974,,,0
CTAS,2025-02-28,2025,463497000.0,4.52,,45.411503,17.391968,2609159000.0,609853000.0,1319341000.0,0.17764229776721158,9611136000.0,,,1.721368717242289,82709626880,0.88,1.001,43.858974,,,0
CTAS,2024-11-30,2024,448495000.0,4.52,,45.411503,17.391968,2561783000.0,591390000.0,1276703000.0,0.1750714248630739,9366529000.0,,,1.5790632080316092,82709626880,0.88,1.001,43.858974,,,0
CTAS,2024-08-31,2024,452033000.0,4.52,,45.411503,17.391968,2501587000.0,561031000.0,1252131000.0,0.1806984925968995,9068707000.0,,,1.5332807023465795,82709626880,0.88,1.001,43.858974,,,0
CTAS,2024-05-31,2024,414315000.0,4.52,,45.411503,17.391968,2470935000.0,547594000.0,1215449000.0,0.16767539413218074,9168817000.0,,,1.7419600233850454,82709626880,0.88,1.001,43.858974,,,0
MDLZ,2025-06-30,2025,641000000.0,2.69,,23.22305,3.0853956,8984000000.0,1174000000.0,2937000000.0,0.07134906500445236,71020000000.0,,,0.6412513202233063,81984380928,3.16,0.454,18.212828,,,0
MDLZ,2025-03-31,2025,402000000.0,2.69,,23.22305,3.0853956,9313000000.0,682000000.0,2430000000.0,0.04316546762589928,68927000000.0,,,0.6061038899204876,81984380928,3.16,0.454,18.212828,,,0
MDLZ,2024-12-31,2024,1745000000.0,2.69,,23.22305,3.0853956,9604000000.0,1693000000.0,3711000000.0,0.181695127030404,68497000000.0,,,0.6773748017801422,81984380928,3.16,0.454,18.212828,,,0
MDLZ,2024-09-30,2024,853000000.0,2.69,,23.22305,3.0853956,9204000000.0,1329000000.0,2999000000.0,0.09267709691438505,72191000000.0,,,0.6264414179281546,81984380928,3.16,0.454,18.212828,,,0
MDLZ,2024-06-30,2024,601000000.0,2.69,,23.22305,3.0853956,8343000000.0,869000000.0,2797000000.0,0.07203643773223062,73096000000.0,,,0.676326348640214,81984380928,3.16,0.454,18.212828,,,0
MDLZ,2024-03-31,2024,,2.69,,23.22305,3.0853956,,,,,,,,,81984380928,3.16,0.454,18.212828,,,0
TRI,2025-06-30,2025,313000000.0,3.53,,44.002834,5.5488873,1785000000.0,443000000.0,1347000000.0,0.1753501400560224,17966000000.0,,,0.7904695164681149,70722289664,1.52,0.354,38.639305,,,0
TRI,2025-03-31,2025,434000000.0,3.53,,44.002834,5.5488873,1900000000.0,570000000.0,1452000000.0,0.22842105263157894,18478000000.0,,,0.9145299145299145,70722289664,1.52,0.354,38.639305,,,0
TRI,2024-12-31,2024,587000000.0,3.53,,44.002834,5.5488873,1909000000.0,517000000.0,1418000000.0,0.3074908328968046,18437000000.0,,,1.0157159487776484,70722289664,1.52,0.354,38.639305,,,0
TRI,2024-09-30,2024,301000000.0,3.53,,44.002834,5.5488873,1724000000.0,415000000.0,1290000000.0,0.1745939675174014,18431000000.0,,,0.9429935411401292,70722289664,1.52,0.354,38.639305,,,0
TRI,2024-06-30,2024,841000000.0,3.53,,44.002834,5.5488873,1740000000.0,409000000.0,1318000000.0,0.48333333333333334,18378000000.0,,,0.8760729613733905,70722289664,1.52,0.354,38.639305,,,0
TRI,2024-03-31,2024,,3.53,,44.002834,5.5488873,,,,,,,,,70722289664,1.52,0.354,38.639305,,,0
ABNB,2025-06-30,2025,642000000.0,4.04,,30.054455,9.564396,3096000000.0,612000000.0,2552000000.0,0.20736434108527133,26992000000.0,,,1.2319302721088434,75733549056,,1.131,26.982222,,,0
ABNB,2025-03-31,2025,154000000.0,4.04,,30.054455,9.564396,2272000000.0,38000000.0,1766000000.0,0.06778169014084508,25056000000.0,,,1.2728631201434548,75733549056,,1.131,26.982222,,,0
ABNB,2024-12-31,2024,461000000.0,4.04,,30.054455,9.564396,2480000000.0,430000000.0,2053000000.0,0.18588709677419354,20959000000.0,,,1.6907784666863497,75733549056,,1.131,26.982222,,,0
ABNB,2024-09-30,2024,1368000000.0,4.04,,30.054455,9.564396,3732000000.0,1525000000.0,3267000000.0,0.3665594855305466,22172000000.0,,,1.616002117148906,75733549056,,1.131,26.982222,,,0
ABNB,2024-06-30,2024,555000000.0,4.04,,30.054455,9.564396,2748000000.0,497000000.0,2242000000.0,0.2019650655021834,26320000000.0,,,1.4058630275461208,75733549056,,1.131,26.982222,,,0
ABNB,2024-03-31,2024,,4.04,,30.054455,9.564396,,,,,,,,,75733549056,,1.131,26.982222,,,0
MAR,2025-06-30,2025,763000000.0,8.75,,29.764572,-23.908934,6744000000.0,1244000000.0,1542000000.0,0.11313760379596678,27342000000.0,,,0.4920112208805952,71721877504,1.01,1.383,24.56981,,,0
MAR,2025-03-31,2025,665000000.0,8.75,,29.764572,-23.908934,6263000000.0,949000000.0,1245000000.0,0.10617914737346319,26651000000.0,,,0.4521970062771608,71721877504,1.01,1.383,24.56981,,,0
MAR,2024-12-31,2024,455000000.0,8.75,,29.764572,-23.908934,6429000000.0,804000000.0,1139000000.0,0.0707730595738062,26182000000.0,,,0.40293675569429993,71721877504,1.01,1.383,24.56981,,,0
MAR,2024-09-30,2024,584000000.0,8.75,,29.764572,-23.908934,6255000000.0,953000000.0,1274000000.0,0.09336530775379696,26209000000.0,,,0.41946466306644753,71721877504,1.01,1.383,24.56981,,,0
MAR,2024-06-30,2024,772000000.0,8.75,,29.764572,-23.908934,6439000000.0,1203000000.0,1498000000.0,0.11989439353936947,25740000000.0,,,0.42255221538090065,71721877504,1.01,1.383,24.56981,,,0
ADSK,2025-07-31,2025,313000000.0,4.73,,67.16068,24.923113,1763000000.0,450000000.0,1604000000.0,0.1775382870107771,10856000000.0,,,0.764126149802891,68773445632,,1.495,34.604576,,,0
ADSK,2025-04-30,2025,152000000.0,4.73,,67.16068,24.923113,1633000000.0,338000000.0,1473000000.0,0.0930802204531537,10585000000.0,,,0.6535881276682253,68773445632,,1.495,34.604576,,,0
ADSK,2025-01-31,2025,303000000.0,4.73,,67.16068,24.923113,1639000000.0,381000000.0,1485000000.0,0.18486882245271508,10833000000.0,,,0.6759852455833819,68773445632,,1.495,34.604576,,,0
ADSK,2024-10-31,2024,275000000.0,4.73,,67.16068,24.923113,1570000000.0,346000000.0,1423000000.0,0.1751592356687898,10133000000.0,,,0.6488361683079678,68773445632,,1.495,34.604576,,,0
ADSK,2024-07-31,2024,282000000.0,4.73,,67.16068,24.923113,1505000000.0,343000000.0,1365000000.0,0.18737541528239202,9960000000.0,,,0.6359234493889786,68773445632,,1.495,34.604576,,,0
ADSK,2024-04-30,2024,,4.73,,67.16068,24.923113,,,,,,,,,68773445632,,1.495,34.604576,,,0
ADSK,2024-01-31,2024,,4.73,,67.16068,24.923113,,,,,,,,,68773445632,,1.495,34.604576,,,0
PYPL,2025-06-30,2025,1261000000.0,4.65,,14.421505,3.1868079,8288000000.0,1620000000.0,3844000000.0,0.1521476833976834,79777000000.0,,,1.329167591564928,64296964096,,1.438,13.713701,,,0
PYPL,2025-03-31,2025,1287000000.0,4.65,,14.421505,3.1868079,7791000000.0,1596000000.0,3716000000.0,0.16519060454370427,81274000000.0,,,1.3000514778430783,64296964096,,1.438,13.713701,,,0
PYPL,2024-12-31,2024,1121000000.0,4.65,,14.421505,3.1868079,8366000000.0,1491000000.0,3935000000.0,0.1339947406167822,81611000000.0,,,1.2628576153464528,64296964096,,1.438,13.713701,,,0
PYPL,2024-09-30,2024,1010000000.0,4.65,,14.421505,3.1868079,7847000000.0,1454000000.0,3654000000.0,0.12871160953230534,83511000000.0,,,1.2467772738123657,64296964096,,1.438,13.713701,,,0
PYPL,2024-06-30,2024,1128000000.0,4.65,,14.421505,3.1868079,7885000000.0,1438000000.0,3608000000.0,0.14305643627140138,84016000000.0,,,1.2417328890028199,64296964096,,1.438,13.713701,,,0
MNST,2025-06-30,2025,488794000.0,1.66,,40.54819,9.139172,2111593000.0,631622000.0,1176413000.0,0.23148116137911046,8729888000.0,,,3.519209164337392,65723375616,,0.541,35.99465,,,0
MNST,2025-03-31,2025,442993000.0,1.66,,40.54819,9.139172,1854558000.0,569745000.0,1047962000.0,0.23886715864373073,8227028000.0,,,3.3748687117305405,65723375616,,0.541,35.99465,,,0
MNST,2024-12-31,2024,270711000.0,1.66,,40.54819,9.139172,1812041000.0,381224000.0,1002445000.0,0.14939562625790476,7719089000.0,,,3.3179416483905975,65723375616,,0.541,35.99465,,,0
MNST,2024-09-30,2024,370919000.0,1.66,,40.54819,9.139172,1880973000.0,479916000.0,999799000.0,0.19719528137830794,8053301000.0,,,3.130367250695502,65723375616,,0.541,35.99465,,,0
MNST,2024-06-30,2024,425369000.0,1.66,,40.54819,9.139172,1900597000.0,527163000.0,1019506000.0,0.22380809819230485,8060904000.0,,,3.407340483557844,65723375616,,0.541,35.99465,,,0
MNST,2024-03-31,2024,,1.66,,40.54819,9.139172,,,,,,,,,65723375616,,0.541,35.99465,,,0
WDAY,2025-07-31,2025,228000000.0,2.09,,115.18182,7.007743,2348000000.0,249000000.0,1766000000.0,0.09710391822827939,17961000000.0,,,2.104550050556117,65860890624,,1.122,29.003613,,,0
WDAY,2025-04-30,2025,68000000.0,2.09,,115.18182,7.007743,2240000000.0,205000000.0,1703000000.0,0.030357142857142857,17212000000.0,,,2.0665836963285624,65860890624,,1.122,29.003613,,,0
WDAY,2025-01-31,2025,94000000.0,2.09,,115.18182,7.007743,2211000000.0,159000000.0,1672000000.0,0.04251469923111714,17977000000.0,,,1.9006849315068493,65860890624,,1.122,29.003613,,,0
WDAY,2024-10-31,2024,193000000.0,2.09,,115.18182,7.007743,2160000000.0,165000000.0,1630000000.0,0.08935185185185185,16424000000.0,,,2.0529172320217097,65860890624,,1.122,29.003613,,,0
WDAY,2024-07-31,2024,132000000.0,2.09,,115.18182,7.007743,2085000000.0,112000000.0,1574000000.0,0.06330935251798561,16234000000.0,,,2.0385552847329937,65860890624,,1.122,29.003613,,,0
WDAY,2024-04-30,2024,,2.09,,115.18182,7.007743,,,,,,,,,65860890624,,1.122,29.003613,,,0
FTNT,2025-06-30,2025,440100000.0,2.51,,33.49801,31.244892,1630000000.0,458000000.0,1315100000.0,0.27,10641400000.0,,,1.3284838081681354,64611557376,,1.127,34.887966,,,0
FTNT,2025-03-31,2025,433400000.0,2.51,,33.49801,31.244892,1539700000.0,453800000.0,1246600000.0,0.2814834058582841,10407000000.0,,,1.3627056982105843,64611557376,,1.127,34.887966,,,0
FTNT,2024-12-31,2024,526200000.0,2.51,,33.49801,31.244892,1660100000.0,574100000.0,1345600000.0,0.31696885729775315,9763100000.0,,,1.470559263181225,64611557376,,1.127,34.887966,,,0
FTNT,2024-09-30,2024,539900000.0,2.51,,33.49801,31.244892,1508100000.0,470900000.0,1244700000.0,0.35800013261720043,8852000000.0,,,1.3441643708643374,64611557376,,1.127,34.887966,,,0
FTNT,2024-06-30,2024,379800000.0,2.51,,33.49801,31.244892,1434300000.0,437200000.0,1159300000.0,0.26479815938088264,8052900000.0,,,1.3205110997771992,64611557376,,1.127,34.887966,,,0
FTNT,2024-03-31,2024,,2.51,,33.49801,31.244892,,,,,,,,,64611557376,,1.127,34.887966,,,0
CSX,2025-06-30,2025,829000000.0,1.7,,20.888233,5.3511147,3574000000.0,1283000000.0,1283000000.0,0.23195299384443202,42929000000.0,,,0.7727120348642307,66200473600,1.53,1.246,17.49261,,,0
CSX,2025-03-31,2025,646000000.0,1.7,,20.888233,5.3511147,3423000000.0,1041000000.0,1041000000.0,0.18872334209757521,43199000000.0,,,0.8827828120432623,66200473600,1.53,1.246,17.49261,,,0
CSX,2024-12-31,2024,733000000.0,1.7,,20.888233,5.3511147,3539000000.0,1261000000.0,1211000000.0,0.20712065555241593,42764000000.0,,,0.8608058608058609,66200473600,1.53,1.246,17.49261,,,0
CSX,2024-09-30,2024,894000000.0,1.7,,20.888233,5.3511147,3619000000.0,1355000000.0,1355000000.0,0.24702956617850236,43069000000.0,,,1.3923705722070845,66200473600,1.53,1.246,17.49261,,,0
CSX,2024-06-30,2024,963000000.0,1.7,,20.888233,5.3511147,3701000000.0,1448000000.0,1448000000.0,0.2601999459605512,42362000000.0,,,1.1610076670317635,66200473600,1.53,1.246,17.49261,,,0
CSX,2024-03-31,2024,,1.7,,20.888233,5.3511147,,,,,,,,,66200473600,1.53,1.246,17.49261,,,0
REGN,2025-06-30,2025,1391600000.0,39.58,,14.205912,1.9553819,3675600000.0,1079500000.0,3145400000.0,0.37860485362933943,38219200000.0,,,4.5976274884101445,59766321152,0.62,0.35,12.409402,,,0
REGN,2025-03-31,2025,808700000.0,39.58,,14.205912,1.9553819,3028700000.0,591700000.0,2564400000.0,0.26701224947997493,37545200000.0,,,4.926736948354175,59766321152,0.62,0.35,12.409402,,,0
REGN,2024-12-31,2024,917700000.0,39.58,,14.205912,1.9553819,3789200000.0,990200000.0,3223800000.0,0.24218832471234034,37759400000.0,,,4.731105646122252,59766321152,0.62,0.35,12.409402,,,0
REGN,2024-09-30,2024,1340600000.0,39.58,,14.205912,1.9553819,3720700000.0,1179500000.0,3229600000.0,0.36030854409116564,37441900000.0,,,5.280961485932806,59766321152,0.62,0.35,12.409402,,,0
REGN,2024-06-30,2024,1432300000.0,39.58,,14.205912,1.9553819,3547100000.0,1069600000.0,3066900000.0,0.40379464915000984,36086800000.0,,,5.438522487601892,59766321152,0.62,0.35,12.409402,,,0
REGN,2024-03-31,2024,,39.58,,14.205912,1.9553819,,,,,,,,,59766321152,0.62,0.35,12.409402,,,0
AEP,2025-06-30,2025,1225800000.0,7.03,,16.002844,2.0132787,5086900000.0,1399100000.0,3154800000.0,0.24097190823487782,107778500000.0,,,0.5524542745536689,60164411392,3.41,0.443,19.10017,,,0
AEP,2025-03-31,2025,800200000.0,7.03,,16.002844,2.0132787,5463400000.0,1284200000.0,3292000000.0,0.14646557088992201,104394600000.0,,,0.4168498065621424,60164411392,3.41,0.443,19.10017,,,0
AEP,2024-12-31,2024,664100000.0,7.03,,16.002844,2.0132787,4696300000.0,1095600000.0,3051100000.0,0.14140919447224412,103078000000.0,,,0.44497398015266004,60164411392,3.41,0.443,19.10017,,,0
AEP,2024-09-30,2024,959600000.0,7.03,,16.002844,2.0132787,5420100000.0,1351500000.0,3417200000.0,0.17704470397225144,100119100000.0,,,0.565460761110485,60164411392,3.41,0.443,19.10017,,,0
AEP,2024-06-30,2024,340300000.0,7.03,,16.002844,2.0132787,4579200000.0,826400000.0,2859200000.0,0.07431429070580015,99622600000.0,,,0.6546291831895067,60164411392,3.41,0.443,19.10017,,,0
AEP,2024-03-31,2024,,7.03,,16.002844,2.0132787,,,,,,,,,60164411392,3.41,0.443,19.10017,,,0
MRVL,2025-07-31,2025,194800000.0,-0.12,,,5.3998327,2006100000.0,298800000.0,1010600000.0,0.09710383330840935,20586300000.0,,,1.8809236027174592,72476745728,0.29,1.849,33.628,,,0
MRVL,2025-04-30,2025,177900000.0,-0.12,,,5.3998327,1895300000.0,258300000.0,952400000.0,0.09386376826887564,20023700000.0,,,1.3046848439518597,72476745728,0.29,1.849,33.628,,,0
MRVL,2025-01-31,2025,200200000.0,-0.12,,,5.3998327,1817400000.0,222700000.0,917400000.0,0.11015736766809728,20204500000.0,,,1.5395204262877442,72476745728,0.29,1.849,33.628,,,0
MRVL,2024-10-31,2024,-676300000.0,-0.12,,,5.3998327,1516100000.0,-344500000.0,349400000.0,-0.4460787546995581,19715600000.0,,,1.59718757087775,72476745728,0.29,1.849,33.628,,,0
MRVL,2024-07-31,2024,-193300000.0,-0.12,,,5.3998327,1272900000.0,-96400000.0,587600000.0,-0.15185796213371042,20293400000.0,,,1.7871968962172649,72476745728,0.29,1.849,33.628,,,0
MRVL,2024-04-30,2024,,-0.12,,,5.3998327,,,,,,,,,72476745728,0.29,1.849,33.628,,,0
MRVL,2024-01-31,2024,,-0.12,,,5.3998327,,,,,,,,,72476745728,0.29,1.849,33.628,,,0
AXON,2025-06-30,2025,36117000.0,4.09,,175.4621,20.618284,668538000.0,-1036000.0,403743000.0,0.05402385503890579,6215256000.0,,,2.951543901606003,56337928192,,1.402,115.74839,,,0
AXON,2025-03-31,2025,87980000.0,4.09,,175.4621,20.618284,603633000.0,-8793000.0,365739000.0,0.1457508121656702,6083159000.0,,,2.8254727215323405,56337928192,,1.402,115.74839,,,0
AXON,2024-12-31,2024,135184000.0,4.09,,175.4621,20.618284,575145000.0,-15755000.0,345849000.0,0.2350433368976519,4474588000.0,,,1.3692801907174252,56337928192,,1.402,115.74839,,,0
AXON,2024-09-30,2024,67025000.0,4.09,,175.4621,20.618284,544274000.0,24081000.0,330747000.0,0.12314569499920995,4005658000.0,,,2.9563486134444084,56337928192,,1.402,115.74839,,,0
AXON,2024-06-30,2024,41473000.0,4.09,,175.4621,20.618284,503236000.0,33758000.0,306156000.0,0.08241262548784269,3742370000.0,,,2.879128796926824,56337928192,,1.402,115.74839,,,0
NXPI,2025-06-30,2025,445000000.0,8.45,,26.950296,5.9999995,2926000000.0,686000000.0,1562000000.0,0.15208475734791524,25250000000.0,,,1.7361644454483849,57414053888,1.79,1.44,17.423872,,,0
NXPI,2025-03-31,2025,490000000.0,8.45,,26.950296,5.9999995,2835000000.0,705000000.0,1560000000.0,0.1728395061728395,25180000000.0,,,2.0849571317225255,57414053888,1.79,1.44,17.423872,,,0
NXPI,2024-12-31,2024,495000000.0,8.45,,26.950296,5.9999995,3111000000.0,715000000.0,1678000000.0,0.15911282545805208,24385000000.0,,,2.357972885732731,57414053888,1.79,1.44,17.423872,,,0
NXPI,2024-09-30,2024,718000000.0,8.45,,26.950296,5.9999995,3250000000.0,995000000.0,1866000000.0,0.22092307692307692,23669000000.0,,,2.3482620320855614,57414053888,1.79,1.44,17.423872,,,0
NXPI,2024-06-30,2024,658000000.0,8.45,,26.950296,5.9999995,3127000000.0,900000000.0,1792000000.0,0.21042532779021425,23196000000.0,,,2.210796915167095,57414053888,1.79,1.44,17.423872,,,0
NXPI,2024-03-31,2024,,8.45,,26.950296,5.9999995,,,,,,,,,57414053888,1.79,1.44,17.423872,,,0
ROP,2025-06-30,2025,378300000.0,14.28,,34.922268,2.733327,1943600000.0,548300000.0,1345400000.0,0.19463881457089935,33220400000.0,,,0.46410436246317854,53665939456,0.66,1.028,24.90959,,,0
ROP,2025-03-31,2025,331100000.0,14.28,,34.922268,2.733327,1882800000.0,525800000.0,1293700000.0,0.17585510941151478,31418800000.0,,,0.4622017353579176,53665939456,0.66,1.028,24.90959,,,0
ROP,2024-12-31,2024,462300000.0,14.28,,34.922268,2.733327,1877100000.0,524700000.0,1282300000.0,0.24628416173885248,31334700000.0,,,0.4025624967381661,53665939456,0.66,1.028,24.90959,,,0
ROP,2024-09-30,2024,367900000.0,14.28,,34.922268,2.733327,1764600000.0,496600000.0,1221700000.0,0.2084891760172277,31552700000.0,,,0.4840258990181476,53665939456,0.66,1.028,24.90959,,,0
ROP,2024-06-30,2024,337100000.0,14.28,,34.922268,2.733327,1716800000.0,494200000.0,1193300000.0,0.19635368126747438,29847500000.0,,,0.530735807393689,53665939456,0.66,1.028,24.90959,,,0
ROP,2024-03-31,2024,,14.28,,34.922268,2.733327,,,,,,,,,53665939456,0.66,1.028,24.90959,,,0
FAST,2025-06-30,2025,330300000.0,1.04,,47.15385,14.779988,2080300000.0,436100000.0,942800000.0,0.1587751766572129,5016200000.0,,,4.22004144825064,56280100864,1.81,0.967,22.392694,,,0
FAST,2025-03-31,2025,298700000.0,1.04,,47.15385,14.779988,1959400000.0,393900000.0,883900000.0,0.15244462590588956,4870900000.0,,,4.276617422312786,56280100864,1.81,0.967,22.392694,,,0
FAST,2024-12-31,2024,262100000.0,1.04,,47.15385,14.779988,1824500000.0,344800000.0,818200000.0,0.1436557961085229,4698000000.0,,,4.67457429777325,56280100864,1.81,0.967,22.392694,,,0
FAST,2024-09-30,2024,298100000.0,1.04,,47.15385,14.779988,1910200000.0,388100000.0,858600000.0,0.1560569573866611,4738400000.0,,,4.396574973031283,56280100864,1.81,0.967,22.392694,,,0
FAST,2024-06-30,2024,292700000.0,1.04,,47.15385,14.779988,1916200000.0,386900000.0,863500000.0,0.15275023483978709,4603500000.0,,,4.388702928870293,56280100864,1.81,0.967,22.392694,,,0
IDXX,2025-06-30,2025,293989000.0,12.14,,52.626854,35.101917,1109457000.0,373046000.0,694732000.0,0.26498458254803925,3330794000.0,,,1.1131458966565349,51114201088,,1.561,53.418896,,,0
IDXX,2025-03-31,2025,242677000.0,12.14,,52.626854,35.101917,998427000.0,316534000.0,623379000.0,0.2430593323297547,3213689000.0,,,1.15965316362337,51114201088,,1.561,53.418896,,,0
IDXX,2024-12-31,2024,216149000.0,12.14,,52.626854,35.101917,954288000.0,261686000.0,570660000.0,0.22650290059185488,3293443000.0,,,1.3108680832574846,51114201088,,1.561,53.418896,,,0
IDXX,2024-09-30,2024,232841000.0,12.14,,52.626854,35.101917,975543000.0,303892000.0,596038000.0,0.23867835656654807,3350766000.0,,,1.4206400164879154,51114201088,,1.561,53.418896,,,0
IDXX,2024-06-30,2024,203298000.0,12.14,,52.626854,35.101917,1003578000.0,263801000.0,619159000.0,0.2025731931150344,3414867000.0,,,1.3688629553811134,51114201088,,1.561,53.418896,,,0
PCAR,2025-06-30,2025,723800000.0,5.7,,17.249123,2.725584,7510500000.0,838500000.0,1276300000.0,0.09637174622195593,44094800000.0,,,3.0159657423805872,52778258432,1.31,0.943,12.670103,,,0
PCAR,2025-03-31,2025,505100000.0,5.7,,17.249123,2.725584,7441700000.0,885100000.0,1318700000.0,0.06787427603907709,42724700000.0,,,2.794689760502157,52778258432,1.31,0.943,12.670103,,,0
PCAR,2024-12-31,2024,872000000.0,5.7,,17.249123,2.725584,7907500000.0,1005700000.0,1470700000.0,0.110275055327221,43418900000.0,,,2.6372762177915527,52778258432,1.31,0.943,12.670103,,,0
PCAR,2024-09-30,2024,972100000.0,5.7,,17.249123,2.725584,8239900000.0,1123300000.0,1579700000.0,0.11797473270306678,43281800000.0,,,2.8723810324533376,52778258432,1.31,0.943,12.670103,,,0
PCAR,2024-06-30,2024,1122600000.0,5.7,,17.249123,2.725584,8772100000.0,1341400000.0,1789100000.0,0.12797391730600427,41176600000.0,,,2.779038678117934,52778258432,1.31,0.943,12.670103,,,0
DDOG,2025-06-30,2025,2647000.0,0.37,,384.86484,15.53398,826760000.0,-34127000.0,660782000.0,0.003201654651894141,5822415000.0,,,3.4323850569616137,48499982336,,1.105,70.14778,,,0
DDOG,2025-03-31,2025,24642000.0,0.37,,384.86484,15.53398,761553000.0,-12420000.0,603925000.0,0.03235756408286751,6010381000.0,,,2.736831492816296,48499982336,,1.105,70.14778,,,0
DDOG,2024-12-31,2024,45594000.0,0.37,,384.86484,15.53398,737727000.0,9392000.0,593549000.0,0.061803350019722744,5785339000.0,,,2.6365387475150492,48499982336,,1.105,70.14778,,,0
DDOG,2024-09-30,2024,51697000.0,0.37,,384.86484,15.53398,690016000.0,20278000.0,552260000.0,0.07492145109678616,4631471000.0,,,2.1285810017958022,48499982336,,1.105,70.14778,,,0
DDOG,2024-06-30,2024,43824000.0,0.37,,384.86484,15.53398,645279000.0,12618000.0,521780000.0,0.06791480894310833,4412391000.0,,,2.0057692339906827,48499982336,,1.105,70.14778,,,0
DDOG,2024-03-31,2024,,0.37,,384.86484,15.53398,,,,,,,,,48499982336,,1.105,70.14778,,,0
ROST,2025-07-31,2025,507995000.0,6.34,,24.036278,8.653605,5529152000.0,638274000.0,1526985000.0,0.09187575237577118,14495519000.0,,,1.576917892681434,49561231360,1.07,1.154,22.778774,,,0
ROST,2025-04-30,2025,479249000.0,6.34,,24.036278,8.653605,4984971000.0,606470000.0,1403605000.0,0.09613877392666878,14304616000.0,,,1.5499270812503565,49561231360,1.07,1.154,22.778774,,,0
ROST,2025-01-31,2025,586784000.0,6.34,,24.036278,8.653605,5912279000.0,731024000.0,1568657000.0,0.09924836091124928,14905332000.0,,,1.6171126114772647,49561231360,1.07,1.154,22.778774,,,0
ROST,2024-10-31,2024,488808000.0,6.34,,24.036278,8.653605,5071354000.0,604216000.0,1437071000.0,0.09638609333917529,14905186000.0,,,1.5744765672839223,49561231360,1.07,1.154,22.778774,,,0
ROST,2024-07-31,2024,527148000.0,6.34,,24.036278,8.653605,5287519000.0,659233000.0,1495590000.0,0.09969666302853947,14678021000.0,,,1.5581881483061975,49561231360,1.07,1.154,22.778774,,,0
ROST,2024-04-30,2024,,6.34,,24.036278,8.653605,,,,,,,,,49561231360,1.07,1.154,22.778774,,,0
PAYX,2025-05-31,2025,297200000.0,4.46,,28.421524,11.069776,1427300000.0,431100000.0,1033400000.0,0.2082253205352764,16564100000.0,,,1.281787731983957,46105460736,3.37,0.904,23.962193,,,0
PAYX,2025-02-28,2025,519300000.0,4.46,,28.421524,11.069776,1509000000.0,691800000.0,1121600000.0,0.3441351888667992,11221600000.0,,,1.392658240943497,46105460736,3.37,0.904,23.962193,,,0
PAYX,2024-11-30,2024,413400000.0,4.46,,28.421524,11.069776,1316900000.0,538100000.0,937800000.0,0.3139190523198421,10554700000.0,,,1.3941304510996022,46105460736,3.37,0.904,23.962193,,,0
PAYX,2024-08-31,2024,427400000.0,4.46,,28.421524,11.069776,1318500000.0,546700000.0,938500000.0,0.3241562381494122,10489100000.0,,,1.3775332622242182,46105460736,3.37,0.904,23.962193,,,0
PAYX,2024-05-31,2024,379900000.0,4.46,,28.421524,11.069776,1295100000.0,481800000.0,919900000.0,0.2933364218979229,10383100000.0,,,1.3658623872219398,46105460736,3.37,0.904,23.962193,,,0
TEAM,2025-06-30,2025,-23903000.0,-0.94,,,31.209692,1384344000.0,-28479000.0,1149919000.0,-0.01726666204353831,6041970000.0,,,1.2233289812594648,43718049792,,0.953,38.856445,,,0
TEAM,2025-03-31,2025,-70807000.0,-0.94,,,31.209692,1356716000.0,-12456000.0,1137041000.0,-0.05218999407392557,5883716000.0,,,1.2622409502478031,43718049792,,0.953,38.856445,,,0
TEAM,2024-12-31,2024,-38208000.0,-0.94,,,31.209692,1286463000.0,-57479000.0,1063336000.0,-0.029700038011198145,5446305000.0,,,1.2373317559219048,43718049792,,0.953,38.856445,,,0
TEAM,2024-09-30,2024,-123769000.0,-0.94,,,31.209692,1187781000.0,-31978000.0,970157000.0,-0.10420186886303115,4993293000.0,,,1.1766995408343794,43718049792,,0.953,38.856445,,,0
TEAM,2024-06-30,2024,-196919000.0,-0.94,,,31.209692,1131590000.0,-66950000.0,914085000.0,-0.17401974213275126,5212133000.0,,,1.1785883133611175,43718049792,,0.953,38.856445,,,0
CPRT,2025-07-31,2025,396354000.0,1.59,,28.283018,4.735678,1125097000.0,412591000.0,509718000.0,0.3522842919321623,10090902000.0,,,8.422051835189329,43518885888,,1.033,25.844828,,,0
CPRT,2025-04-30,2025,406609000.0,1.59,,28.283018,4.735678,1211716000.0,451545000.0,552267000.0,0.33556460424719986,9672222000.0,,,8.155369088706683,43518885888,,1.033,25.844828,,,0
CPRT,2025-01-31,2025,387400000.0,1.59,,28.283018,4.735678,1163316000.0,426211000.0,525553000.0,0.3330135577951305,9187347000.0,,,7.88832771898729,43518885888,,1.033,25.844828,,,0
CPRT,2024-10-31,2024,362086000.0,1.59,,28.283018,4.735678,1146829000.0,406367000.0,512105000.0,0.31572797688234255,8869487000.0,,,6.621086793825321,43518885888,,1.033,25.844828,,,0
CPRT,2024-07-31,2024,322567000.0,1.59,,28.283018,4.735678,1068999000.0,359544000.0,453576000.0,0.3017467743187786,8427764000.0,,,7.028978613258412,43518885888,,1.033,25.844828,,,0
CPRT,2024-04-30,2024,,1.59,,28.283018,4.735678,,,,,,,,,43518885888,,1.033,25.844828,,,0
CPRT,2024-01-31,2024,,1.59,,28.283018,4.735678,,,,,,,,,43518885888,,1.033,25.844828,,,0
TTWO,2025-06-30,2025,-11900000.0,-24.34,,,13.686496,1503800000.0,17400000.0,945000000.0,-0.007913286341268786,9684200000.0,,,1.1648023862788963,47659720704,,1.0,32.95408,,,0
TTWO,2025-03-31,2025,-3726200000.0,-24.34,,,13.686496,1582500000.0,-214600000.0,803300000.0,-2.3546287519747233,9180700000.0,,,0.7787764810000554,47659720704,,1.0,32.95408,,,0
TTWO,2024-12-31,2024,-125200000.0,-24.34,,,13.686496,1359800000.0,-109000000.0,759900000.0,-0.09207236358287983,12679900000.0,,,0.8294359434907257,47659720704,,1.0,32.95408,,,0
TTWO,2024-09-30,2024,-365500000.0,-24.34,,,13.686496,1353100000.0,-280400000.0,727900000.0,-0.27012046411942947,13075300000.0,,,0.8453991563818153,47659720704,,1.0,32.95408,,,0
TTWO,2024-06-30,2024,-262000000.0,-24.34,,,13.686496,1338200000.0,-135400000.0,771100000.0,-0.1957853833507697,12944600000.0,,,0.8990619400625374,47659720704,,1.0,32.95408,,,0
TTWO,2024-03-31,2024,,-24.34,,,13.686496,,,,,,,,,47659720704,,1.0,32.95408,,,0
BKR,2025-06-30,2025,701000000.0,2.95,,16.515255,2.712997,6910000000.0,887000000.0,1615000000.0,0.10144717800289435,38740000000.0,,,1.4077506991610067,49806614528,1.82,0.995,18.9572,,,0
BKR,2025-03-31,2025,402000000.0,2.95,,16.515255,2.712997,6427000000.0,752000000.0,1475000000.0,0.06254862299673253,38110000000.0,,,1.3372240749563284,49806614528,1.82,0.995,18.9572,,,0
BKR,2024-12-31,2024,1179000000.0,2.95,,16.515255,2.712997,7364000000.0,945000000.0,1530000000.0,0.16010320478001086,38363000000.0,,,1.324840274035871,49806614528,1.82,0.995,18.9572,,,0
BKR,2024-09-30,2024,766000000.0,2.95,,16.515255,2.712997,6908000000.0,930000000.0,1542000000.0,0.11088592935726693,37530000000.0,,,1.2953870211102423,49806614528,1.82,0.995,18.9572,,,0
BKR,2024-06-30,2024,579000000.0,2.95,,16.515255,2.712997,7139000000.0,845000000.0,1646000000.0,0.08110379604986692,36656000000.0,,,1.2656920387732402,49806614528,1.82,0.995,18.9572,,,0
BKR,2024-03-31,2024,,2.95,,16.515255,2.712997,,,,,,,,,49806614528,1.82,0.995,18.9572,,,0
ZS,2025-07-31,2025,-17578000.0,-0.27,,,26.364595,719226000.0,-30926000.0,546986000.0,-0.02444016206310673,6419888000.0,,,2.0144335862819194,47436423168,,1.049,84.17416,,,0
ZS,2025-04-30,2025,-4125000.0,-0.27,,,26.364595,678034000.0,-25411000.0,522056000.0,-0.006083765710864057,5339628000.0,,,1.2357663917959827,47436423168,,1.049,84.17416,,,0
ZS,2025-01-31,2025,-7724000.0,-0.27,,,26.364595,647900000.0,-40140000.0,499402000.0,-0.011921592838400987,5005968000.0,,,1.2021538499888156,47436423168,,1.049,84.17416,,,0
ZS,2024-10-31,2024,-12051000.0,-0.27,,,26.364595,627955000.0,-30667000.0,486493000.0,-0.019190865587502288,4709002000.0,,,1.1451506777207527,47436423168,,1.049,84.17416,,,0
ZS,2024-07-31,2024,-14878000.0,-0.27,,,26.364595,592868000.0,-26950000.0,462663000.0,-0.025094962116356423,4704968000.0,,,1.0911468999677791,47436423168,,1.049,84.17416,,,0
ZS,2024-04-30,2024,,-0.27,,,26.364595,,,,,,,,,47436423168,,1.049,84.17416,,,0
ZS,2024-01-31,2024,,-0.27,,,26.364595,,,,,,,,,47436423168,,1.049,84.17416,,,0
EXC,2025-06-30,2025,391000000.0,2.69,,16.732342,1.6458843,5427000000.0,925000000.0,2210000000.0,0.07204717154965912,111147000000.0,,,0.9475753604193972,45459525632,3.63,0.489,17.114067,,,0
EXC,2025-03-31,2025,908000000.0,2.69,,16.732342,1.6458843,6714000000.0,1537000000.0,2845000000.0,0.13523979743818887,109484000000.0,,,1.0858941132913735,45459525632,3.63,0.489,17.114067,,,0
EXC,2024-12-31,2024,647000000.0,2.69,,16.732342,1.6458843,5471000000.0,1098000000.0,2388000000.0,0.11825991592030707,107784000000.0,,,0.8723337842055977,45459525632,3.63,0.489,17.114067,,,0
EXC,2024-09-30,2024,707000000.0,2.69,,16.732342,1.6458843,6154000000.0,1193000000.0,2496000000.0,0.1148846278843029,106070000000.0,,,1.0865384615384615,45459525632,3.63,0.489,17.114067,,,0
EXC,2024-06-30,2024,448000000.0,2.69,,16.732342,1.6458843,5361000000.0,906000000.0,2160000000.0,0.08356649878753963,105113000000.0,,,1.0340785498489427,45459525632,3.63,0.489,17.114067,,,0
XEL,2025-06-30,2025,444000000.0,3.67,,21.975477,2.2747145,3287000000.0,577000000.0,1559000000.0,0.13507757833891085,75337000000.0,,,0.9627930682976554,47698522112,2.88,0.355,21.057442,,,0
XEL,2025-03-31,2025,483000000.0,3.67,,21.975477,2.2747145,3906000000.0,677000000.0,1685000000.0,0.12365591397849462,72749000000.0,,,0.796321020620086,47698522112,2.88,0.355,21.057442,,,0
XEL,2024-12-31,2024,464000000.0,3.67,,21.975477,2.2747145,3120000000.0,347000000.0,1288000000.0,0.14871794871794872,70035000000.0,,,0.6696082984982196,47698522112,2.88,0.355,21.057442,,,0
XEL,2024-09-30,2024,682000000.0,3.67,,21.975477,2.2747145,3644000000.0,911000000.0,1863000000.0,0.1871569703622393,69286000000.0,,,0.9335950836462956,47698522112,2.88,0.355,21.057442,,,0
XEL,2024-06-30,2024,302000000.0,3.67,,21.975477,2.2747145,3028000000.0,449000000.0,1392000000.0,0.09973579920739763,67927000000.0,,,0.9659322033898305,47698522112,2.88,0.355,21.057442,,,0
EA,2025-06-30,2025,201000000.0,4.18,,48.25359,8.324391,1671000000.0,271000000.0,1392000000.0,0.12028725314183124,11699000000.0,,,0.837171052631579,50292662272,0.39,0.753,23.645956,,,0
EA,2025-03-31,2025,254000000.0,4.18,,48.25359,8.324391,1895000000.0,398000000.0,1527000000.0,0.13403693931398417,12368000000.0,,,0.9470945359930616,50292662272,0.39,0.753,23.645956,,,0
EA,2024-12-31,2024,293000000.0,4.18,,48.25359,8.324391,1883000000.0,378000000.0,1427000000.0,0.15560276155071695,13451000000.0,,,1.3762886597938144,50292662272,0.39,0.753,23.645956,,,0
EA,2024-09-30,2024,294000000.0,4.18,,48.25359,8.324391,2025000000.0,435000000.0,1569000000.0,0.1451851851851852,13136000000.0,,,1.42518837459634,50292662272,0.39,0.753,23.645956,,,0
EA,2024-06-30,2024,280000000.0,4.18,,48.25359,8.324391,1660000000.0,366000000.0,1397000000.0,0.1686746987951807,12708000000.0,,,1.4534035656401945,50292662272,0.39,0.753,23.645956,,,0
EA,2024-03-31,2024,,4.18,,48.25359,8.324391,,,,,,,,,50292662272,0.39,0.753,23.645956,,,0
FANG,2025-06-30,2025,699000000.0,13.32,,10.743244,1.0715891,3651000000.0,1179000000.0,1264000000.0,0.1914543960558751,71941000000.0,,,0.5496142591114658,42916319232,2.63,1.118,9.7745905,,,0
FANG,2025-03-31,2025,1405000000.0,13.32,,10.743244,1.0715891,4031000000.0,1710000000.0,1814000000.0,0.34854874720912926,70066000000.0,,,0.8590363980643804,42916319232,2.63,1.118,9.7745905,,,0
FANG,2024-12-31,2024,1074000000.0,13.32,,10.743244,1.0715891,3696000000.0,1442000000.0,1520000000.0,0.2905844155844156,67292000000.0,,,0.438578258158387,42916319232,2.63,1.118,9.7745905,,,0
FANG,2024-09-30,2024,659000000.0,13.32,,10.743244,1.0715891,2636000000.0,968000000.0,1049000000.0,0.25,65747000000.0,,,0.4530584808424826,42916319232,2.63,1.118,9.7745905,,,0
FANG,2024-06-30,2024,837000000.0,13.32,,10.743244,1.0715891,2473000000.0,1157000000.0,1213000000.0,0.3384553174282248,35637000000.0,,,3.661675245671502,42916319232,2.63,1.118,9.7745905,,,0
FANG,2024-03-31,2024,,13.32,,10.743244,1.0715891,,,,,,,,,42916319232,2.63,1.118,9.7745905,,,0
VRSK,2025-06-30,2025,253300000.0,6.56,,38.33994,112.7342,772600000.0,354300000.0,543100000.0,0.3278539994822677,4794900000.0,,,1.5314654213920391,35139710976,0.73,0.862,34.500687,,,0
VRSK,2025-03-31,2025,232300000.0,6.56,,38.33994,112.7342,753000000.0,330100000.0,522200000.0,0.30849933598937584,5122100000.0,,,1.2675059008654603,35139710976,0.73,0.862,34.500687,,,0
VRSK,2024-12-31,2024,210300000.0,6.56,,38.33994,112.7342,735600000.0,316300000.0,505100000.0,0.2858890701468189,4264700000.0,,,0.7358140285737348,35139710976,0.73,0.862,34.500687,,,0
VRSK,2024-09-30,2024,220000000.0,6.56,,38.33994,112.7342,725300000.0,311500000.0,501900000.0,0.3033227629946229,4563200000.0,,,0.8183656654932214,35139710976,0.73,0.862,34.500687,,,0
VRSK,2024-06-30,2024,307800000.0,6.56,,38.33994,112.7342,716800000.0,318700000.0,497400000.0,0.42940848214285715,4767900000.0,,,0.9532560344198935,35139710976,0.73,0.862,34.500687,,,0
VRSK,2024-03-31,2024,,6.56,,38.33994,112.7342,,,,,,,,,35139710976,0.73,0.862,34.500687,,,0
KDP,2025-06-30,2025,547000000.0,1.13,,22.575222,1.3869407,4163000000.0,898000000.0,2255000000.0,0.13139562815277445,54368000000.0,,,0.6378617919955685,34653683712,3.61,0.483,12.443903,,,0
KDP,2025-03-31,2025,517000000.0,1.13,,22.575222,1.3869407,3635000000.0,801000000.0,1985000000.0,0.1422283356258597,53699000000.0,,,0.4738850725111765,34653683712,3.61,0.483,12.443903,,,0
KDP,2024-12-31,2024,-144000000.0,1.13,,22.575222,1.3869407,4070000000.0,781000000.0,2277000000.0,-0.03538083538083538,53430000000.0,,,0.4942500309138123,34653683712,3.61,0.483,12.443903,,,0
KDP,2024-09-30,2024,616000000.0,1.13,,22.575222,1.3869407,3891000000.0,902000000.0,2140000000.0,0.1583140580827551,52718000000.0,,,0.5327964670736459,34653683712,3.61,0.483,12.443903,,,0
KDP,2024-06-30,2024,515000000.0,1.13,,22.575222,1.3869407,3922000000.0,861000000.0,2172000000.0,0.13131055583885773,52344000000.0,,,0.508589692369157,34653683712,3.61,0.483,12.443903,,,0
KDP,2024-03-31,2024,,1.13,,22.575222,1.3869407,,,,,,,,,34653683712,3.61,0.483,12.443903,,,0
CSGP,2025-06-30,2025,6200000.0,0.26,,324.50003,4.151863,781300000.0,-27200000.0,613500000.0,0.007935492128503776,10507100000.0,,,5.834455818965517,35743383552,,0.873,75.33036,,,0
CSGP,2025-03-31,2025,-14800000.0,0.26,,324.50003,4.151863,732200000.0,-42800000.0,578900000.0,-0.020213056541928436,10428100000.0,,,6.009525124240751,35743383552,,0.873,75.33036,,,0
CSGP,2024-12-31,2024,59800000.0,0.26,,324.50003,4.151863,709400000.0,40000000.0,568500000.0,0.08429658866647871,9256800000.0,,,8.962882491399602,35743383552,,0.873,75.33036,,,0
CSGP,2024-09-30,2024,53000000.0,0.26,,324.50003,4.151863,692600000.0,23700000.0,552000000.0,0.07652324574068727,9138700000.0,,,9.631256952169077,35743383552,,0.873,75.33036,,,0
CSGP,2024-06-30,2024,19200000.0,0.26,,324.50003,4.151863,677800000.0,-16100000.0,542000000.0,0.02832694010032458,9067300000.0,,,9.27042905465551,35743383552,,0.873,75.33036,,,0
CSGP,2024-03-31,2024,,0.26,,324.50003,4.151863,,,,,,,,,35743383552,,0.873,75.33036,,,0
CHTR,2025-06-30,2025,1301000000.0,36.75,,7.485851,2.3182747,13766000000.0,3360000000.0,6819000000.0,0.09450820862995787,151589000000.0,,,0.3305853256389118,37576863744,,1.017,7.688793,,,0
CHTR,2025-03-31,2025,1217000000.0,36.75,,7.485851,2.3182747,13735000000.0,3360000000.0,6712000000.0,0.08860575172915908,150954000000.0,,,0.3633703920421299,37576863744,,1.017,7.688793,,,0
CHTR,2024-12-31,2024,1466000000.0,36.75,,7.485851,2.3182747,13926000000.0,3454000000.0,14481000000.0,0.10527071664512423,150020000000.0,,,0.3138810618419101,37576863744,,1.017,7.688793,,,0
CHTR,2024-09-30,2024,1280000000.0,36.75,,7.485851,2.3182747,13795000000.0,3356000000.0,5501000000.0,0.09278724175425879,149371000000.0,,,0.3413373860182371,37576863744,,1.017,7.688793,,,0
CHTR,2024-06-30,2024,1231000000.0,36.75,,7.485851,2.3182747,13685000000.0,3342000000.0,6785000000.0,0.08995250274022652,148611000000.0,,,0.38532537758717134,37576863744,,1.017,7.688793,,,0
CHTR,2024-03-31,2024,,36.75,,7.485851,2.3182747,,,,,,,,,37576863744,,1.017,7.688793,,,0
GEHC,2025-06-30,2025,486000000.0,5.05,,14.871286,3.5304625,5006000000.0,654000000.0,1985000000.0,0.09708349980023971,35500000000.0,,,1.1600328272466147,34287808512,0.19,1.282,16.08137,,,0
GEHC,2025-03-31,2025,564000000.0,5.05,,14.871286,3.5304625,4777000000.0,628000000.0,2012000000.0,0.11806573163073059,33586000000.0,,,0.9765272344267228,34287808512,0.19,1.282,16.08137,,,0
GEHC,2024-12-31,2024,721000000.0,5.05,,14.871286,3.5304625,5319000000.0,801000000.0,2275000000.0,0.1355517954502726,33089000000.0,,,1.036428347116089,34287808512,0.19,1.282,16.08137,,,0
GEHC,2024-09-30,2024,471000000.0,5.05,,14.871286,3.5304625,4863000000.0,676000000.0,2026000000.0,0.09685379395434916,33855000000.0,,,1.2269896193771626,34287808512,0.19,1.282,16.08137,,,0
GEHC,2024-06-30,2024,428000000.0,5.05,,14.871286,3.5304625,4839000000.0,608000000.0,2002000000.0,0.08844802645174622,31852000000.0,,,1.0586679490262083,34287808512,0.19,1.282,16.08137,,,0
MCHP,2025-06-30,2025,-18600000.0,-0.34,,,5.054305,1075500000.0,54300000.0,576700000.0,-0.017294281729428172,14979500000.0,,,2.313340053763441,34766163968,2.83,1.544,24.7,,,0
MCHP,2025-03-31,2025,-154600000.0,-0.34,,,5.054305,970500000.0,-28700000.0,501100000.0,-0.15929933024214324,15374600000.0,,,2.589645918102329,34766163968,2.83,1.544,24.7,,,0
MCHP,2024-12-31,2024,-53600000.0,-0.34,,,5.054305,1026000000.0,34400000.0,561400000.0,-0.05224171539961014,15632200000.0,,,2.2519732391189957,34766163968,2.83,1.544,24.7,,,0
MCHP,2024-09-30,2024,78400000.0,-0.34,,,5.054305,1163800000.0,148100000.0,668500000.0,0.0673655267228046,15622300000.0,,,0.8842864534193627,34766163968,2.83,1.544,24.7,,,0
MCHP,2024-06-30,2024,129300000.0,-0.34,,,5.054305,1241300000.0,221700000.0,736900000.0,0.10416498831869814,15839700000.0,,,1.9392882983621653,34766163968,2.83,1.544,24.7,,,0
CTSH,2025-06-30,2025,645000000.0,4.94,,13.576922,2.145279,5245000000.0,817000000.0,1766000000.0,0.12297426120114395,20164000000.0,,,2.4100126742712296,32756715520,1.85,0.93,13.440883,,,0
CTSH,2025-03-31,2025,663000000.0,4.94,,13.576922,2.145279,5115000000.0,791000000.0,1718000000.0,0.12961876832844574,19967000000.0,,,2.215208455666471,32756715520,1.85,0.93,13.440883,,,0
CTSH,2024-12-31,2024,546000000.0,4.94,,13.576922,2.145279,5082000000.0,800000000.0,1785000000.0,0.10743801652892562,19966000000.0,,,2.093165969316597,32756715520,1.85,0.93,13.440883,,,0
CTSH,2024-09-30,2024,582000000.0,4.94,,13.576922,2.145279,5044000000.0,771000000.0,1733000000.0,0.11538461538461539,20164000000.0,,,2.227863046044864,32756715520,1.85,0.93,13.440883,,,0
CTSH,2024-06-30,2024,566000000.0,4.94,,13.576922,2.145279,4850000000.0,737000000.0,1646000000.0,0.11670103092783506,18580000000.0,,,2.4592668024439917,32756715520,1.85,0.93,13.440883,,,0
CTSH,2024-03-31,2024,,4.94,,13.576922,2.145279,,,,,,,,,32756715520,1.85,0.93,13.440883,,,0
KHC,2025-06-30,2025,-7824000000.0,-4.46,,,0.7454697,6352000000.0,1292000000.0,2183000000.0,-1.2317380352644836,81581000000.0,,,1.0715445269016697,30832760832,6.14,0.196,8.482085,,,0
KHC,2025-03-31,2025,712000000.0,-4.46,,,0.7454697,5999000000.0,1196000000.0,2064000000.0,0.11868644774129021,90274000000.0,,,1.307256392536282,30832760832,6.14,0.196,8.482085,,,0
KHC,2024-12-31,2024,2131000000.0,-4.46,,,0.7454697,6576000000.0,1347000000.0,2245000000.0,0.3240571776155718,88287000000.0,,,1.0554253412381083,30832760832,6.14,0.196,8.482085,,,0
KHC,2024-09-30,2024,-290000000.0,-4.46,,,0.7454697,6383000000.0,1327000000.0,2186000000.0,-0.0454331818893937,88566000000.0,,,1.061335403726708,30832760832,6.14,0.196,8.482085,,,0
KHC,2024-06-30,2024,102000000.0,-4.46,,,0.7454697,6476000000.0,1376000000.0,2294000000.0,0.015750463248919086,88797000000.0,,,1.0058776382580819,30832760832,6.14,0.196,8.482085,,,0
KHC,2024-03-31,2024,,-4.46,,,0.7454697,,,,,,,,,30832760832,6.14,0.196,8.482085,,,0
ODFL,2025-06-30,2025,268626000.0,5.19,,27.12524,7.007815,1407724000.0,357895000.0,473967000.0,0.19082291699225132,5551096000.0,,,1.377380081008083,29587470336,0.81,1.236,23.861017,,,0
ODFL,2025-03-31,2025,254660000.0,5.19,,27.12524,7.007815,1374858000.0,338055000.0,450086000.0,0.18522640156292505,5491294000.0,,,1.3176281458967656,29587470336,0.81,1.236,23.861017,,,0
ODFL,2024-12-31,2024,263144000.0,5.19,,27.12524,7.007815,1385829000.0,334020000.0,466314000.0,0.1898820128601725,5491395000.0,,,1.333292015784537,29587470336,0.81,1.236,23.861017,,,0
ODFL,2024-09-30,2024,308580000.0,5.19,,27.12524,7.007815,1470211000.0,401861000.0,515189000.0,0.20988824053146113,5425831000.0,,,1.327827956212291,29587470336,0.81,1.236,23.861017,,,0
ODFL,2024-06-30,2024,322045000.0,5.19,,27.12524,7.007815,1498697000.0,421691000.0,537320000.0,0.2148833286514886,5343096000.0,,,1.4601667287798912,29587470336,0.81,1.236,23.861017,,,0
DXCM,2025-06-30,2025,179800000.0,1.43,,47.055946,10.256059,1157100000.0,212600000.0,688800000.0,0.15538847117794485,7327000000.0,,,1.5202949799014718,26388127744,,1.487,33.147785,,,0
DXCM,2025-03-31,2025,105400000.0,1.43,,47.055946,10.256059,1036000000.0,133700000.0,589000000.0,0.10173745173745173,6751700000.0,,,1.4993908662869184,26388127744,,1.487,33.147785,,,0
DXCM,2024-12-31,2024,151700000.0,1.43,,47.055946,10.256059,1113500000.0,188900000.0,655800000.0,0.1362370902559497,6484500000.0,,,1.4670532060027286,26388127744,,1.487,33.147785,,,0
DXCM,2024-09-30,2024,134600000.0,1.43,,47.055946,10.256059,994200000.0,152000000.0,593800000.0,0.13538523435928385,6353800000.0,,,2.457653502450274,26388127744,,1.487,33.147785,,,0
DXCM,2024-06-30,2024,143500000.0,1.43,,47.055946,10.256059,1004300000.0,158000000.0,626700000.0,0.14288559195459524,6799200000.0,,,2.815236325630008,26388127744,,1.487,33.147785,,,0
WBD,2025-06-30,2025,1580000000.0,0.31,,63.0,1.3408858,9812000000.0,-79000000.0,3845000000.0,0.1610273134936812,101727000000.0,,,1.0437883435582822,48351830016,,1.592,-150.23077,,,0
WBD,2025-03-31,2025,-453000000.0,0.31,,63.0,1.3408858,8979000000.0,107000000.0,3848000000.0,-0.05045105245573004,101679000000.0,,,0.8361899777574251,48351830016,,1.592,-150.23077,,,0
WBD,2024-12-31,2024,-494000000.0,0.31,,63.0,1.3408858,10027000000.0,639000000.0,4500000000.0,-0.04926697915627805,104560000000.0,,,0.8904490828589501,48351830016,,1.592,-150.23077,,,0
WBD,2024-09-30,2024,135000000.0,0.31,,63.0,1.3408858,9623000000.0,295000000.0,4442000000.0,0.014028889119817105,106333000000.0,,,0.7967505575023893,48351830016,,1.592,-150.23077,,,0
WBD,2024-06-30,2024,-9986000000.0,0.31,,63.0,1.3408858,9713000000.0,-696000000.0,3509000000.0,-1.028106661175744,108029000000.0,,,0.7558532192705988,48351830016,,1.592,-150.23077,,,0
TTD,2025-06-30,2025,90129000.0,0.86,,56.98837,8.906052,694039000.0,116777000.0,543059000.0,0.12986157838392368,5957809000.0,,,1.713713943514105,23048765440,,1.357,25.393782,,,0
TTD,2025-03-31,2025,50678000.0,0.86,,56.98837,8.906052,616021000.0,54452000.0,473182000.0,0.0822666759737087,5705441000.0,,,1.8106721619410737,23048765440,,1.357,25.393782,,,0
TTD,2024-12-31,2024,182229000.0,0.86,,56.98837,8.906052,741012000.0,195309000.0,605745000.0,0.2459190944276206,6111951000.0,,,1.8571508614164431,23048765440,,1.357,25.393782,,,0
TTD,2024-09-30,2024,94158000.0,0.86,,56.98837,8.906052,628016000.0,108481000.0,505360000.0,0.14992930116430156,5505325000.0,,,1.8501745637817437,23048765440,,1.357,25.393782,,,0
TTD,2024-06-30,2024,85029000.0,0.86,,56.98837,8.906052,584550000.0,94720000.0,474091000.0,0.14546061072619965,5159922000.0,,,1.7959280269188282,23048765440,,1.357,25.393782,,,0
TTD,2024-03-31,2024,,0.86,,56.98837,8.906052,,,,,,,,,23048765440,,1.357,25.393782,,,0
CDW,2025-06-30,2025,271200000.0,7.79,,20.446726,8.463786,5976600000.0,420200000.0,1241200000.0,0.045376970183716496,15265700000.0,,,1.3497941678006098,21542453248,1.52,0.976,15.73913,,,0
CDW,2025-03-31,2025,224900000.0,7.79,,20.446726,8.463786,5199100000.0,361400000.0,1122300000.0,0.04325748687272797,15018500000.0,,,1.3234627691775491,21542453248,1.52,0.976,15.73913,,,0
CDW,2024-12-31,2024,264200000.0,7.79,,20.446726,8.463786,5186000000.0,408600000.0,1155300000.0,0.05094485152333205,14678400000.0,,,1.346832529592284,21542453248,1.52,0.976,15.73913,,,0
CDW,2024-09-30,2024,316400000.0,7.79,,20.446726,8.463786,5516600000.0,481600000.0,1200700000.0,0.0573541674219628,14376700000.0,,,1.4035833363866193,21542453248,1.52,0.976,15.73913,,,0
CDW,2024-06-30,2024,281100000.0,7.79,,20.446726,8.463786,5423400000.0,433100000.0,1183100000.0,0.05183095475163182,13638700000.0,,,1.134582239332485,21542453248,1.52,0.976,15.73913,,,0
BIIB,2025-06-30,2025,634800000.0,10.66,,13.140714,1.1645578,2645500000.0,851800000.0,2040500000.0,0.23995463995463995,28330200000.0,,,2.5026541445487953,20537772032,,0.112,8.408163,,,0
BIIB,2025-03-31,2025,240500000.0,10.66,,13.140714,1.1645578,2431000000.0,625200000.0,1801700000.0,0.09893048128342247,28033100000.0,,,1.4395741307056291,20537772032,,0.112,8.408163,,,0
BIIB,2024-12-31,2024,266700000.0,10.66,,13.140714,1.1645578,2454700000.0,450600000.0,1871200000.0,0.10864871471055526,28049300000.0,,,1.3487194327883085,20537772032,,0.112,8.408163,,,0
BIIB,2024-09-30,2024,388500000.0,10.66,,13.140714,1.1645578,2465800000.0,496400000.0,1827100000.0,0.15755535728769568,28313200000.0,,,1.2590783410138249,20537772032,,0.112,8.408163,,,0
BIIB,2024-06-30,2024,583600000.0,10.66,,13.140714,1.1645578,2464900000.0,710400000.0,1918900000.0,0.2367641689318025,26804100000.0,,,2.2870149926002186,20537772032,,0.112,8.408163,,,0
BIIB,2024-03-31,2024,,10.66,,13.140714,1.1645578,,,,,,,,,20537772032,,0.112,8.408163,,,0
ON,2025-06-30,2025,170300000.0,1.03,,47.87379,2.5534668,1468700000.0,242600000.0,551900000.0,0.1159528835024171,13126200000.0,,,5.022060567723571,20514136064,,1.473,11.414351,,,0
ON,2025-03-31,2025,-486100000.0,1.03,,47.87379,2.5534668,1445700000.0,-34400000.0,293800000.0,-0.33623850038043857,13253900000.0,,,4.94915121645936,20514136064,,1.473,11.414351,,,0
ON,2024-12-31,2024,379900000.0,1.03,,47.87379,2.5534668,1722500000.0,439500000.0,779100000.0,0.22055152394775035,14089800000.0,,,5.058435720707222,20514136064,,1.473,11.414351,,,0
ON,2024-09-30,2024,401700000.0,1.03,,47.87379,2.5534668,1761900000.0,474500000.0,799400000.0,0.2279925080878597,13923600000.0,,,3.0746500046979235,20514136064,,1.473,11.414351,,,0
ON,2024-06-30,2024,338200000.0,1.03,,47.87379,2.5534668,1735200000.0,461000000.0,784000000.0,0.19490548639926233,13658800000.0,,,3.014775977121068,20514136064,,1.473,11.414351,,,0
ON,2024-03-31,2024,,1.03,,47.87379,2.5534668,,,,,,,,,20514136064,,1.473,11.414351,,,0
LULU,2025-07-31,2025,370905000.0,14.79,,12.030425,4.823912,2525219000.0,523814000.0,1477202000.0,0.14688032998326087,7523439000.0,,,2.2658599951455876,20907268096,,1.125,11.917615,,,0
LULU,2025-04-30,2025,314572000.0,14.79,,12.030425,4.823912,2370660000.0,438625000.0,1383126000.0,0.13269384897032893,7430543000.0,,,2.2783968302928352,20907268096,,1.125,11.917615,,,0
LULU,2025-01-31,2025,748403000.0,14.79,,12.030425,4.823912,3611497000.0,1042168000.0,2181952000.0,0.20722791684445535,7603292000.0,,,2.1636426890189875,20907268096,,1.125,11.917615,,,0
LULU,2024-10-31,2024,351870000.0,14.79,,12.030425,4.823912,2396660000.0,490661000.0,1401606000.0,0.1468168200746038,7083669000.0,,,1.9990147116797974,20907268096,,1.125,11.917615,,,0
LULU,2024-07-31,2024,392922000.0,14.79,,12.030425,4.823912,2371078000.0,540226000.0,1412185000.0,0.1657144977938305,6744135000.0,,,2.4319896285775178,20907268096,,1.125,11.917615,,,0
LULU,2024-01-31,2024,,14.79,,12.030425,4.823912,,,,,,,,,20907268096,,1.125,11.917615,,,0
GFS,2025-06-30,2025,228000000.0,-0.21,,,1.742428,1688000000.0,196000000.0,408000000.0,0.13507109004739337,16803000000.0,,,2.632974316487158,19890184192,,1.48,20.022346,,,0
GFS,2025-03-31,2025,210000000.0,-0.21,,,1.742428,1585000000.0,151000000.0,355000000.0,0.13249211356466878,16479000000.0,,,2.5144151565074133,19890184192,,1.48,20.022346,,,0
GFS,2024-12-31,2024,-730000000.0,-0.21,,,1.742428,1830000000.0,235000000.0,449000000.0,-0.3989071038251366,16799000000.0,,,2.107752956636005,19890184192,,1.48,20.022346,,,0
GFS,2024-09-30,2024,177000000.0,-0.21,,,1.742428,1739000000.0,186000000.0,414000000.0,0.10178263369752731,18105000000.0,,,2.423062798384135,19890184192,,1.48,20.022346,,,0
GFS,2024-06-30,2024,155000000.0,-0.21,,,1.742428,1632000000.0,160000000.0,395000000.0,0.09497549019607843,17927000000.0,,,2.2159491884262525,19890184192,,1.48,20.022346,,,0
GFS,2024-03-31,2024,,-0.21,,,1.742428,,,,,,,,,19890184192,,1.48,20.022346,,,0
